1722 2815
274 173 357 235 viii
575 170 1219 230 PRAEFATIO.

265 273 295 319 3
314 249 376 318 ’9
401 295 414 317 ‚
433 254 485 312 in
508 253 616 312 aliis
635 253 747 321 post
764 255 892 315 duos
908 275 1071 320 annos
1093 252 1312 322 exsurgit
1334 253 1532 321 imagm

267 341 408 393 larva
442 338 573 393 adeo
619 336 925 397 recedens',
975 351 1030 400 ut
1079 335 1170 392 nifi
1226 331 1533 403 experientia

268 420 571 479 oonfirmata
605 420 767 475 fuisset
801 419 950 487 origo
982 457 996 481 ‚
1049 417 1135 475 vix
1167 419 1535 487 suspicaretur;

270 502 454 567 pedum
477 501 611 556 enim
630 520 846 556 numero
865 542 880 565 ‚
899 500 1160 558 coloribus
1178 546 1193 568 ,
1211 502 1533 568 moribusque

267 584 450 646 differt.
505 587 562 639 ln
592 585 746 640 larvis
767 622 779 643 ‚
817 584 889 640 uti
924 584 977 639 in
1008 585 1367 660 Lepidopteris
1396 627 1411 651 ‚
1440 583 1535 650 [ρὶ-

267 684 497 723 ramenta
539 667 812 722 lateraliter
860 665 1018 732 poslta
1069 684 1259 723 novem
1297 665 1530 731 utrinque

266 765 610 816 numera-ntur.
636 749 692 802 In
710 747 890 804 Erucis
909 745 1044 817 oculi
1067 744 1340 800 duodecim
1363 746 1536 799 tuber·

263 833 413 887 culati
435 822 795 897 hemisphaeriCi
816 869 828 890 ,
845 829 895 901 ’111
917 829 1277 898 Lepidopteris
1303 831 1404 884 duo
1425 846 1538 884 tan-

263 932 370 971 tum
394 913 656 970 reticulati.
684 912 796 969 Ore
816 911 1052 975 dentibus
1077 911 1257 978 validis
1270 911 1535 979 instruffito,

264 1002 550 1069 plantarum
600 996 722 1064 solia
782 998 1031 1066 pleraeque
1084 997 1272 1055 rodunt
1315 996 1534 1064 Erueae3

263 1083 432 1158 {ingua
450 1081 906 1148 Lepidopterorum
931 1078 1339 1146 tercanaiiculata
1359 1122 1373 1144 ,
1403 1081 1537 1133 [(1111-

261 1185 355 1231 per
390 1163 595 1233 innoxia
630 1200 642 1222 ,
700 1162 840 1217 suffitu
883 1165 1070 1218 florum
1111 1163 1288 1218 nectar
1327 1163 1536 1228 haurit3

258 1247 347 1318 sed
383 1248 519 1312 quod
557 1246 856 1312 stupendum
889 1243 963 1299 est
985 1288 998 1311 ,
1028 1245 1217 1311 species
1245 1246 1493 1313 nonnul-lae
1520 1280 1537 1305 a

258 1328 379 1383 cibo
411 1349 516 1384 non
551 1344 701 1394 capto
727 1370 741 1393 ,
798 1328 978 1393 copula
1024 1327 1294 1394 iunguntur
1315 1370 1328 1389 ,
1355 1346 1535 1394 perae·-

256 1428 409 1479 taque
439 1426 669 1487 pereunt.
739 1410 1024 1464 Larvarum
1066 1411 1150 1464 sex
1183 1410 1341 1479 pedes
1382 1426 1531 1475 ante—

257 1496 423 1562 riores
470 1494 710 1584 squamosi
743 1513 996 1559 nunquam
1036 1489 1251 1558 desunt,
1292 1493 1530 1561 imaginis

255 1579 443 1646 pedum
462 1576 668 1643 vaginas
686 1575 783 1629 effe
800 1575 879 1629 D.
893 1575 1200 1627 Reaumurii
1215 1575 1531 1641 aliorumque

253 1658 726 1740 Entomologorum
749 1657 1075 1722 experientiis
1111 1658 1310 1717 constat
1353 1680 1364 1712 :
1407 1658 1528 1720 alii,

252 1744 325 1800 uti
347 1743 630 1799 mammillae
652 1741 915 1817 textoriae,
955 1745 1156 1809 prorsus
1177 1744 1530 1798 obliterantur.

254 1813 425 1905 Spurii
473 1814 582 1901 sunt
622 1826 774 1894 igitur
815 1822 971 1892 pedes'
1005 1846 1108 1880 non
1142 1825 1418 1899 squamosi,
1466 1826 1531 1880 ad

255 1914 466 1986 ordines
510 1909 837 1975 stabiliendos
875 1907 1229 1963 insufficientes
1279 1909 1387 1961 sunt
1416 1909 1528 1974 ple-

253 2016 423 2064 raeque
466 1997 608 2072 leges
641 2017 672 2051 a
700 1993 876 2063 nostro
910 1992 1225 2045 Renumurzo
1266 1989 1527 2051 stabilitae,

251 2078 658 2145 Entomologum
685 2079 810 2144 saepe
846 2074 1104 2138 frustrant.
1144 2075 1225 2142 Ex
1258 2072 1441 2145 Erucis
1478 2073 1534 2130 in

250 2180 467 2230 pnppam
523 2162 894 2230 transeuntibus
939 2160 1110 2226 imago
1168 2178 1274 2213 non
1328 2160 1526 2224 semper

249 2243 591 2315 annuntianda
643 2242 717 2298 est
755 2263 771 2308 ;
825 2240 1144 2313 Papilionum
1186 2239 1525 2305 quorumdam

248 2328 399 2390 larvae
469 2329 557 2381 sub
621 2341 760 2399 terra
818 2323 1248 2391 metamorphosin
1306 2324 1520 2377 subeunt
1550 2347 1551 2350 ¹

249 2410 643 2485 Geometraeque
656 2407 977 2471 Pendulanfae
988 2452 1003 2476 ,
1018 2429 1163 2471 more
1183 2405 1518 2473 quarumdam
