1722 2815
348 140 430 183 288
487 142 731 181 INSECTA
758 125 1315 172 Lssmnoz’rssnnfflhzss.
1333 127 1511 166 Noaua„

346 249 563 293 Bicoloria.
579 256 674 302 393.
704 247 750 285 P.
780 245 839 281 N.
865 243 892 304 ·(
914 240 953 279 la
991 240 1149 302 bicolor
1173 239 1190 288 )
1240 235 1483 291 spirilinguis
1502 263 1515 282 ,
1550 231 1622 272 alis

729 297 895 337 deflexis
915 325 928 345 ,
955 304 1085 335 ant1ce
1117 294 1234 335 fuscis
1251 323 1264 342 ,
1285 289 1434 345 postice
1462 287 1613 342 griseis,

671 353 835 394 Encom.
857 351 982 402 purifi
1013 360 1104 405 194.

673 408 773 448 Hah.
805 407 846 446 in
873 407 1045 457 Europa.
1078 407 1209 457 Prope
1235 403 1485 457 Lugdunum.

675 463 794 513 Defi.
822 463 967 500 Parva.
996 460 1122 510 Caput
1139 461 1174 499 ὅ(
1192 459 1335 498 thorax
1365 456 1504 509 grisea.
1528 451 1624 492 Alae

719 517 944 569 ficperiores
964 514 1096 553 antice
1127 512 1243 552 fuscae
1260 544 1273 562 ‚
1300 512 1449 565 postice
1470 507 1624 562 griseae,

729 572 948 626 Inferiores
975 567 1106 608 fuscae.
1142 567 1287 606 Subtus
1314 578 1453 607 omnes
1480 562 1628 616 pallide

731 627 885 682 griseae.
922 625 1060 664 Litura
1103 620 1233 662 albida
1273 622 1315 660 in
1357 628 1471 674 parte
1515 616 1623 659 fusca

734 682 873 724 versus
903 680 1071 734 apicem.

351 799 683 853 C-Album.394.
713 797 760 835 P.
790 796 848 834 N.
881 790 962 844 (le
1007 755 1189 830 c-blanc
1224 787 1242 836 )
1293 783 1465 838 elinguis
1499 811 1512 830 ‚
1553 779 1626 820 aiis

730 847 1000 902 superioribus
1048 842 1265 885 cinnameis
1285 871 1298 889 ‚
1337 839 1416 880 basi
1449 835 1591 878 albidis
1612 863 1627 884 ‚

733 903 890 944 c-albo
923 901 1088 942 notatis.
1131 911 1162 939 t.
1197 905 1231 947 5.
1255 897 1296 949 f.
1327 905 1394 948 30.

679 961 842 1001 Entom.
862 957 986 1009 paris.
1015 958 1126 1008 197?

680 1015 784 1056 Hah.
804 1015 846 1054 in
873 1015 1049 1064 Europa.
1084 1011 1216 1059 Prope
1233 1006 1470 1059 Lugdunum
1489 1001 1629 1042 sedens

734 1071 776 1110 in
802 1079 920 1108 muro
947 1064 1078 1105 mense
1108 1062 1240 1102 ottob.
1277 1069 1408 1112 capta.

685 1125 803 1173 Defi.
823 1124 984 1162 Statura
1006 1149 1019 1167 ‚
1046 1117 1168 1156 facies
1186 1115 1504 1166 magnitudoque
1527 1111 1633 1150 noct.

736 1177 883 1224 derasae
897 1174 965 1213 sed
990 1183 1171 1209 antenna:
1198 1167 1428 1207 breviflitnae
1443 1195 1454 1213 ,
1474 1167 1564 1203 inde
1585 1165 1635 1203 ad

733 1231 899 1285 primam
925 1227 1155 1266 no&uarum
1179 1222 1410 1261 divifionem
1443 1219 1638 1272 pertinet.

740 1286 820 1326 Sed
844 1284 921 1336 jam
961 1280 1078 1333 hujus
1105 1278 1238 1331 operis
1268 1289 1357 1329 pars
1389 1275 1496 1327 typis
1523 1286 1639 1312 man-

739 1342 834 1380 data
861 1346 949 1378 erat
988 1349 1078 1376 cum
1121 1332 1222 1373 nost.
1269 1330 1366 1371 mus.
1409 1332 1484 1368 hac
1525 1327 1635 1380 phal.

744 1390 1031 1447 locupletatum
1048 1388 1136 1429 fuit.
1152 1387 1245 1427 Azae
1256 1386 1480 1436 superiores
1500 1385 1641 1422 cinna-

740 1463 869 1495 meae,
918 1447 994 1486 basi
1028 1444 1215 1495 aspidae,
1265 1440 1383 1480 fascia
1431 1437 1637 1490 trapezina

741 1505 814 1545 alis
849 1501 1021 1549 claus133
1059 1510 1156 1551 ergo
1191 1497 1232 1535 in
1258 1493 1416 1548 singulae
1458 1493 1529 1531 alae
1560 1492 1639 1531 basi

741 1559 863 1600 fascia
906 1554 1146 1609 trangularis
1187 1549 1330 1590 albida.
1382 1546 1508 1587 Color
1546 1547 1640 1586 dein

745 1616 976 1657 cinnameus
1019 1611 1060 1649 in
1108 1607 1240 1647 medio
1291 1604 1403 1657 cujus
1450 1600 1641 1642 c-album

747 1682 874 1723 prope
921 1665 1139 1719 marginem
1183 1661 1426 1701 exteriorem
1458 1672 1470 1707 3
1524 1656 1641 1710 striga

748 1725 878 1765 albida
917 1734 939 1766 a
970 1719 1147 1773 margine
1175 1716 1369 1755 interiore
1400 1710 1538 1751 versus
1567 1724 1644 1749 an-

745 1780 881 1837 gulum
899 1778 963 1816 ani
985 1773 1230 1814 descendens
1245 1799 1257 1817 ‚
1274 1768 1342 1808 sed
1367 1768 1536 1806 eundem
1565 1778 1644 1804 an-

745 1834 880 1888 gulum
925 1842 1010 1869 non
1049 1837 1235 1879 tangens.
1279 1823 1423 1875 Strigae
1466 1820 1537 1859 alae
1571 1821 1643 1859 vix

746 1886 971 1938 conspicuae
1017 1895 1141 1935 prope
1177 1879 1394 1931 marginem
1435 1874 1640 1928 posticum.

749 1942 897 1982 subtus
929 1950 1069 1978 omnes
1097 1934 1241 1989 paliide
1274 1935 1508 1973 cinnameae.

701 1999 791 2048 Obs-
821 1995 910 2036 Post
934 1993 1038 2034 noct.
1065 1989 1328 2046 pustulatam‚
1358 2002 1399 2026 n.
1423 1983 1515 2034 156.
1550 1983 1641 2025 col-

755 2052 939 2094 locanda.

1305 2429 1414 2469 GEO
1424 2425 1643 2466 METRAE.
