1722 2815
268 89 511 129 INSECTA
538 62 1285 119 Liu’moPTERAAEhaLAlucita.
1347 73 1421 122 535

555 187 619 229 Ex
650 201 711 238 op.
742 183 800 225 D.
831 183 877 222 de
910 178 1025 221 Geer.

165 285 320 330 Fusco-
365 288 487 334 1091.
515 279 562 319 P.
591 278 646 317 A.
678 275 753 328 (la
793 272 949 326 dadiyle
990 269 1155 319 brune)
1202 264 1275 306 alis
1315 263 1432 309 fuscis

193 338 363 394 dad’tyla.
547 331 810 373 immaculatis
824 359 838 379 ‚
863 326 1130 381 superioribus
1159 321 1290 364 bifidis
1307 352 1320 372 ,
1341 322 1434 376 pos-

315 403 317 407 ‘
381 402 385 406 ·
549 389 642 428 ticis
669 385 895 439 tripartitis,
1224 413 1230 419 .
1375 412 1377 414 .

495 443 596 484 Hah.
638 444 677 486 in
717 444 888 492 Europa.
933 440 979 479 In
1014 434 1143 476 Gallia
1169 434 1281 476 Aust.
1319 432 1439 474 Circa

555 499 806 552 Lugdunum.
827 496 881 536 V.

503 552 619 605 Dese.
651 551 753 592 Tota
787 549 910 590 fusca.
946 547 1148 588 Antennae
1172 544 1322 586 dimidii
1349 556 1443 585 cor-

557 608 666 664 poris
691 603 1087 660 longitudinesAlae
1117 602 1339 653 superiores
1367 598 1447 638 basi

560 662 732 718 angustae
749 691 762 710 ‚
788 662 838 701 ad
862 660 1023 700 tertiam
1054 667 1206 710 partem
1234 656 1355 708 usque
1385 654 1448 693 bi-

557 719 675 768 fidae;
703 717 912 769 inferiores
942 713 1115 762 trifidae,
1156 712 1283 764 digito
1323 709 1449 750 tertio

562 775 761 827 separato.
790 770 997 810 Abdomen
1021 768 1251 819 elongatum
1267 796 1280 814 ‚
1299 775 1420 805 tenue
1437 791 1450 811 ,

558 830 602 870 in
620 828 753 868 medio
772 823 1074 867 craffiusculum.
1093 821 1217 860 Pedes
1236 820 1340 868 albi,
1365 817 1449 859 fere

564 881 762 936 argentei.

622 991 689 1031 Ex
710 990 873 1030 Entom.
891 992 1014 1028 'carn-

181 1089 231 1131 Bi
259 1086 376 1127 unffi·
391 1094 509 1141 1092.
539 1085 587 1126 P.
619 1083 673 1123 A.
707 1084 724 1132 (
749 1080 787 1121 la
815 1080 972 1135 dadiyle
1006 1076 1242 1134 pondlue'e)
1277 1073 1348 1115 alis
1387 1085 1461 1113 an-

212 1102 382 1196 dgctyla.
566 1139 658 1179 ticis
706 1137 878 1177 cinereis
895 1166 910 1185 ,
967 1136 1120 1189 punffis
1162 1133 1286 1172 tribus
1336 1129 1461 1181 nigris

569 1192 757 1244 lineaque
790 1189 898 1230 fusca
926 1187 1208 1243 longitudinali
1248 1187 1290 1225 in
1322 1184 1461 1224 limbo.

515 1247 616 1287 Hah.
641 1249 681 1286 in
710 1247 881 1297 Europae
912 1244 1178 1297 sylvestribus.

515 1302 634 1351 Dese.
676 1300 783 1339 Alae‘
813 1300 1037 1350 fitperiores
1088 1298 1218 1338 bifidae
1237 1325 1250 1344 ‚
1293 1292 1466 1334 incisura

574 1356 648 1396 lin.
683 1365 701 1394 1
736 1355 754 1400 ξ
794 1352 948 1406 longa,
984 1353 1196 1406 segmentis
1227 1348 1426 1403 parallelis
1454 1377 1469 1398 ,

576 1415 692 1469 supra
723 1413 806 1467 pari
845 1425 927 1467 uuo
957 1413 1192 1465 punstorum
1227 1410 1466 1461 nigrorum,

576 1469 796 1512 intervallo
823 1466 894 1507 lin.
929 1477 947 1506 1
979 1469 998 1521 ξ
1024 1467 1072 1506 ab
1094 1466 1166 1506 alae
1185 1464 1296 1517 apice
1323 1461 1470 1502 distan-

578 1531 680 1571 tium
698 1528 924 1582 punstoque
942 1525 1022 1566 alio
1048 1527 1202 1566 minore
1236 1523 1377 1564 eodem
1403 1521 1470 1560 in·-

581 1583 784 1632 tervallo‚
803 1595 825 1622 a
851 1581 929 1622 basi
957 1580 1104 1634 alisque
1123 1579 1469 1633 punffis-remom.

582 1640 679 1681 Alae
695 1639 846 1690 postica
862 1635 1006 1676 trifidae
1020 1665 1032 1683 ,
1056 1633 1440 1686 fusco-ferrugineae
1454 1659 1468 1678 ,

581 1695 738 1735 nitidae.
755 1692 964 1732 Abdomen
977 1690 1062 1731 aliis
1079 1689 1236 1742 posticis
1252 1685 1473 1733 concolor,

580 1750 699 1790 lineis
721 1747 922 1802 argenteis
950 1745 1169 1786 dorsalibus
1194 1744 1297 1784 binis
1314 1772 1327 1792 ‚
1361 1740 1468 1780 late-

585 1804 734 1845 ralibus
768 1804 901 1842 denuo
938 1801 1071 1850 binis,
1113 1801 1179 1840 sed
1215 1800 1264 1838 ad
1300 1795 1470 1836 medium

586 1860 708 1911 usque
722 1871 803 1898 non
823 1857 1022 1910 prodiistis
1035 1886 1047 1905 ,
1066 1854 1168 1896 infra
1184 1854 1325 1893 iterum
1340 1849 1443 1890 binis
1458 1862 1472 1898 ς

588 1923 734 1968 praeter
767 1913 836 1952 has
852 1942 864 1961 ‚
903 1911 955 1951 est
981 1909 1132 1952 lineola
1156 1909 1269 1963 nigra
1297 1902 1473 1947 lateralis

589 1971 640 2010 ad
672 1968 777 2009 hasm
808 1968 1044 2008 abdominis.

645 2079 706 2119 Ex
736 2077 860 2118 Faun.
893 2076 1026 2118 Fridr.

211 2180 391 2220 Hetero-
420 2181 539 2228 1093.
570 2170 617 2209 P.
649 2168 703 2207 A.
737 2163 1139 2219 (l’Hete'rodac'lyle)
1162 2162 1232 2202 alis
1246 2158 1473 2214 patentibus

243 2229 411 2286 dastyla.
595 2223 685 2263 fiffis
703 2252 716 2272 ,
761 2222 884 2276 nigris
906 2251 919 2270 ‚
959 2219 1121 2259 maculis
1163 2217 1260 2256 albis
1276 2245 1290 2263 ,
1333 2215 1476 2254 anticis

599 2278 728 2318 bifidis
747 2307 760 2326 ‚
789 2276 946 2330 posticis
983 2273 1139 2313 trifidis.

543 2334 643 2377 Hah.
661 2333 700 2376 in
717 2335 889 2387 Europa.
910 2333 955 2373 In
971 2327 1110 2372 Galliae
1126 2324 1236 2422 Aulst.
1260 2325 1404 2369 hortis.
1423 2325 1479 2366 V.

1138 2384 1171 2426 L
1221 2382 1266 2425 iv
