1722 2815
285 112 370 160 444
423 108 667 152 IffsncrA
697 107 1440 172 Lssrrxfionr'm.Phatpyrafssff
1497 135 1505 138 “

666 217 735 257 sub
761 223 945 263 antennis
974 224 1043 277 pili
1073 225 1168 275 flavi
1186 255 1199 274 ‚
1236 225 1322 278 post
1352 234 1553 270 antennas

668 272 877 314 fasciculus
915 278 1083 330 pilorum
1123 280 1320 321 flavorum
1349 284 1553 336 utrinque.-

666 328 789 378 Palpi
812 329 999 382 barbati,
1034 334 1205 376 articulo
1239 334 1381 389 ultimo
1407 352 1552 378 recura

664 392 789 432 vato,
808 398 884 426 nec
911 387 1103 437 barbato,
1120 392 1246 431 tenui.
1269 391 1365 431 Alae
1387 393 1555 441 antiae,

666 438 831 478 maculis
879 442 1009 482 niveis
1050 454 1101 482 10
1139 446 1366 499 punffisque
1422 448 1556 487 niveis·

663 492 824 545 posticis
861 506 918 547 43
964 496 1117 537 fimbria
1158 503 1376 542 anticarum
1419 502 1552 555 nigri-

669 561 765 588 cans
793 578 806 598 ,
840 552 993 604 pune'tis
1027 553 1130 592 binis
1156 554 1253 594 albis
1271 586 1284 604 ‚
1316 555 1554 609 posticarum

664 603 808 644 albida.
861 606 955 646 Alae
1011 609 1160 658 postica.-
1218 609 1352 651 subtus
1399 612 1556 651 macula

664 658 752 699 alba
789 662 931 702 media.
965 660 1094 702 Pedes
1126 663 1262 718 nigri,
1299 665 1410 704 tibiis
1439 666 1555 705 albo-

665 715 877 756 annulatis.

609 769 800 810 Faemina.
829 771 1026 810 Antfrznae
1043 771 1223 814 setaceae.
1246 772 1395 825 corpus
1419 784 1551 815 totum

662 826 859 878 nigrum3
907 838 1086 867 ceterum
1127 828 1203 869 alia
1249 831 1381 870 omnia
1425 840 1469 869 ut
1509 831 1553 869 in'

663 892 785 921 mare,

608 934 698 985 obs:
731 936 823 974 Alae
836 937 1060 987 superiores
1083 936 1370 992 flisco-nigrae,
1397 940 1551 991 punffis

659 991 726 1030 seu
755 992 917 1031 maculis
943 993 1042 1032 albis
1069 994 1205 1032 decem
1221 1024 1234 1043 ,
1267 1007 1430 1045 quarum
1451 1007 1548 1046 qua-

661 1055 756 1085 tuor
781 1047 822 1084 in
849 1048 1027 1099 margine
1053 1049 1256 1088 exteriore
1274 1077 1287 1094 ,
1312 1059 1484 1099 quatuor
1505 1050 1548 1087 in

660 1101 855 1139 interiore
880 1101 1105 1152 duabusque
1121 1103 1367 1140 intermediis
1381 1117 1392 1150 3
1409 1103 1552 1141 versus-

660 1156 878 1206 marginem
891 1154 1081 1205 posticum
1101 1163 1272 1205 quatuor
1290 1155 1356 1194 vel
1375 1157 1555 1207 quinque*

661 1209 814 1259 punffis
841 1208 1010 1246 minimis
1035 1209 1180 1248 niveis.
1211 1208 1307 1247 Alae
1341 1210 1548 1263 inferiores

659 1261 778 1301 fuscae
807 1260 909 1301 infra
945 1264 983 1303 ἃ
1017 1262 1156 1317 supra,
1195 1263 1349 1315 aliquot
1385 1266 1550 1304 maculis

658 1315 799 1356 albidis
832 1316 1037 1358 obsoletis..
1089 1318 1320 1370 Superiores
1360 1319 1463 1359 infra
1502 1331 1547 1359 ut

658 1371 787 1425 supra.
829 1372 1042 1413 Foeminam
1072 1387 1156 1414 non
1184 1375 1283 1414 vidi.
1312 1372 1366 1415 V.

631 1477 697 1523 Ex
727 1495 806 1523 ent.
836 1498 945 1524 carn.
975 1485 1021 1524 de
1052 1483 1168 1535 Sc0p2

275 1590 600 1634 Citrinalis.806.
631 1595 677 1634 P.
708 1596 755 1635 P.
787 1598 804 1647 (
831 1595 868 1634 la
895 1595 1080 1645 citrine)
1122 1594 1193 1634 alis
1229 1595 1414 1646 citrinis‚
1451 1595 1543 1649 pos-

658 1651 750 1690 ticis
775 1650 1049 1704 pallidioribus
1085 1651 1344 1690 immaculatis
1363 1681 1374 1700 ,
1402 1652 1546 1691 anticis

659 1704 777 1745 fascia
805 1705 1081 1759 submarginali
1096 1706 1303 1746 &cratere
1327 1706 1548 1759 sanguineo

656 1761 892 1800 reticulatis.

602 1814 701 1854 Hah.
731 1816 770 1853 in
801 1819 975 1869 Europa.
1009 1817 1053 1855 In
1089 1813 1228 1855 Galliae
1253 1814 1365 1856 Aust.
1395 1827 1541 1855 nemo-=

657 1870 765 1910 τοῦς.
789 1873 840 1912 V.

599 1924 716 1975 Dese.
756 1925 873 1977 Palpz'
900 1926 971 1967 lin.
1003 1935 1022 1964 1
1054 1927 1068 1974 ξ
1105 1925 1231 1979 longi.
1273 1924 1386 1964 Oculi
1420 1925 1538 1978 nigri-

656 1984 858 2023 Antennae
892 1984 1074 2026 setaceae.
1105 1985 1240 2025 Nullae
1276 1985 1439 2025 maculae
1471 1983 1541 2024 sub

654 2039 726 2079 alis
753 2041 908 2080 anticis.
948 2041 1046 2080 Alae
1082 2042 1225 2079 antica:-
1262 2040 1421 2081 lineolis
1462 2041 1539 2080 de-

655 2094 789 2147 preffis
820 2094 967 2148 postice
996 2096 1153 2135 striatae.

603 2148 695 2200 Obs.
732 2151 975 2203 Magnitudo
1002 2150 1270 2202 sanguinalis.
1308 2148 1403 2189 Alae
1423 2151 1540 2200 sirpe-

652 2206 779 2244 riores
808 2206 961 2245 citrinae
984 2235 999 2252 ,
1031 2206 1158 2245 fasciis
1190 2205 1340 2244 duabus
1376 2205 1539 2259 sangui-

655 2259 741 2300 neis
790 2261 831 2300 in
876 2262 1054 2314 margine
1100 2261 1304 2300 exteriore
1342 2260 1537 2309 coalitis,

655 2315 748 2354 inde
786 2328 879 2356 area
907 2315 1106 2356 flaviffima
1130 2315 1319 2369 sanguine
1352 2313 1539 2354 circums-

656 2369 798 2423 cripta.
820 2369 970 2412 Sub-tus
991 2384 1131 2413 omnes
1161 2370 1307 2425 pallide
1334 2368 1467 2412 fuscae,
1482 2371 1537 2411 V.
