1722 2815
455 150 495 205 P
532 149 581 205 R
614 147 687 206 AE
720 147 764 206 F
799 149 849 207 A
882 145 933 206 T
967 151 992 207 I
1026 151 1099 209 O.
1330 169 1397 205 xv

135 232 272 307 Quis
334 229 473 289 enim
533 232 750 293 fortunae
802 233 953 289 bonis
1009 235 1195 289 ditatus
1242 234 1400 290 Bota-

133 316 301 372 nicam
367 311 881 383 Entomologiamque
941 315 1165 382 apprime
1226 319 1401 372 colet?

135 398 272 472 Quis
296 434 310 459 ,
353 394 407 450 in
435 396 537 452 sole
566 397 769 453 exustus
799 442 812 465 ,
842 391 973 467 pede
1011 397 1167 455 celeri
1198 417 1402 457 montes

135 480 375 548 agrosque
412 496 677 545 percurret
709 482 729 534 ?
783 483 872 537 Ille
910 482 1040 537 solus
1088 483 1172 548 qui
1222 497 1402 538 natura

137 563 343 618 dotatus
405 560 560 616 fuerit
592 603 608 627 ,
658 561 739 628 qui
795 561 899 617 vini
932 597 951 623 ‚
999 560 1102 618 cibi
1144 563 1402 632 somnique

136 644 345 700 minime
383 642 631 710 benignus
670 679 685 703 ,
738 662 866 707 pane
916 643 1138 702 secundo
1174 647 1402 715 laeteque

136 743 407 784 contentus
435 765 449 789 ,
487 721 687 789 tuguria
725 721 1031 791 rusticosque
1064 748 1170 784 non
1201 730 1404 797 spernit.

134 815 320 868 Icones
361 810 512 876 igitur
557 826 708 874 parca
757 827 909 862 manu
957 811 1151 877 spargat
1200 814 1405 869 Ichnio-

133 897 354 962 graphus
391 914 408 960 ;
463 911 580 946 nam
623 909 720 945 nec
763 890 1063 948 Botanicum
1109 916 1204 952 nec
1238 898 1406 955 Ento-

135 979 400 1045 mologum
443 979 683 1033 formant.
761 972 949 1028 Omnis
1004 996 1124 1031 vera
1182 983 1406 1047 cognitio

137 1060 361 1115 humana
399 1056 682 1122 cognitione
713 1056 1001 1123 specierum
1044 1060 1236 1114 nititur
1263 1082 1279 1115 .·
1322 1067 1409 1120 sed

138 1141 517 1201 charaffiteribus
560 1139 763 1206 generis
795 1183 810 1206 ‚
850 1143 1129 1208 specierum
1167 1148 1408 1208 differen-

139 1228 221 1284 tiis
241 1270 257 1294 ,
289 1227 345 1283 &
374 1247 479 1283 non
510 1223 744 1279 iconibus
766 1224 1046 1296 stabilitum
1070 1231 1217 1287 utiles
1239 1249 1410 1292 tamen

138 1312 204 1367 ad
255 1309 585 1377 quarumdam
646 1307 969 1367 Noetuarurn
1028 1313 1407 1384 Tinearumque

139 1394 504 1463 cognitionem.

206 1559 290 1617 N.
307 1561 371 1616 Β.
418 1574 482 1614 1⁰.
522 1559 633 1618 Jam
659 1559 790 1627 typis
813 1562 1103 1618 mandatum
1118 1566 1282 1620 fuerat
1302 1565 1405 1622 hoc

140 1649 380 1701 volumen
397 1686 408 1705 ,
447 1663 601 1710 quum
615 1643 695 1698 D.
718 1639 955 1696 Fabricii
972 1667 1117 1700 novae
1136 1647 1407 1717 Mantiffae

139 1729 485 1797 Lepidoptera
516 1724 578 1778 ad
613 1743 707 1778 nos
734 1745 1099 1791 pervenerunt3
1131 1731 1247 1785 inde
1280 1733 1409 1787 illus-

138 1812 387 1868 trationes
406 1851 419 1873 ‚
457 1804 575 1863 licet
595 1805 750 1861 invite
770 1849 785 1872 ,
815 1810 1099 1865 neceffariae
1117 1853 1130 1875 ,
1160 1815 1407 1881 imprimis

140 1911 196 1950 ut
220 1915 374 1952 novae
394 1892 768 1957 numerosaeque
801 1890 974 1949 illustr.
1019 1895 1100 1949 D.
1125 1895 1406 1966 Sclzieffir-

139 1977 316 2046 myller
369 1973 714 2034 Phalaenarum
768 1977 959 2043 species
1027 2002 1404 2043 enumerentur.

141 2063 199 2119 Si
232 2079 373 2131 grata
407 2060 675 2129 tyronibus
718 2060 825 2115 haec
861 2063 1201 2124 additamenta
1236 2113 1252 2136 ‚
1300 2091 1404 2129 non

140 2162 310 2202 tamen
358 2145 461 2201 sine
517 2143 746 2211 periculo
780 2185 794 2207 ‚
843 2165 970 2211 opus
1022 2149 1222 2205 anetum
1278 2155 1402 2219 fuit,

139 2228 401 2284 erroribus
442 2229 698 2295 indulgeat
745 2228 997 2285 benevole
1031 2232 1209 2294 leflor.
1266 2238 1401 2294 Pha..

136 2315 375 2369 laenarum
419 2311 750 2379 descriptione
778 2351 794 2371 ,
839 2315 991 2370 etiam
1031 2318 1254 2385 optima,
1296 2342 1400 2379 non

141 2398 331 2464 semper
349 2394 608 2454 individua
627 2397 694 2452 ab
721 2395 831 2459 aliis
865 2415 1009 2456 certo
1035 2403 1333 2469 separantur.
