1722 2815
506 193 550 249 P
582 192 630 248 R
662 189 736 253 AE
767 190 811 248 F
847 192 894 244 A
927 184 978 246 T
1009 191 1035 245 1
1071 187 1141 247 O.
1376 185 1427 241 ix

165 267 446 329 Erucarum
488 274 807 343 Papilionum
849 315 864 340 ,
921 272 1010 328 filo
1042 273 1239 338 alligata
1287 269 1429 324 larva

169 353 392 418 quiescit.

230 435 510 496 Erucarum
539 430 747 493 historia
785 455 814 490 a
845 435 998 490 variis
1033 435 1392 502 Entomologis
1414 479 1429 503 ‚

171 517 427 584 praecipue
486 537 516 575 a
566 516 714 573 DD.
752 517 1065 571 Reaamurio
1100 517 1430 584 Degeeroque

170 599 411 656 illustrata
447 600 557 657 fuit.
611 601 802 660 Doffls
842 622 1021 656 eorum
1063 601 1304 669 operibus
1334 602 1433 655 lar·-

173 699 351 739 varum
401 686 542 739 locus
573 721 587 740 ‚
641 684 785 738 cibus
820 721 833 744 ,
890 682 1128 738 industria
1153 725 1169 744 ‚
1222 685 1431 739 conser-

167 766 444 820 vandarum
467 765 649 819 modus
677 765 1187 831 metamorphofisque
1219 766 1435 820 innotes-

164 862 315 911 cent3
365 846 450 900 sed
496 847 745 901 celeberr.
785 840 1022 898 Fabricii
1056 847 1432 913 Entomologiae

163 928 494 991 ¹fundamenta
537 925 617 981 die
652 945 712 981 ac
741 924 892 997 nocie
924 928 1162 981 evolvant
1187 943 1428 991 tyrones;

166 1025 286 1071 tunc
322 1012 583 1068 laboribus
618 1010 1047 1066 Praedecefforum
1073 1012 1300 1065 fruentes
1328 1048 1341 1070 ‚
1383 1009 1435 1065 in

165 1091 530 1162 Entomologia
567 1092 684 1147 utile
718 1094 1130 1160 progredientur.

237 1176 474 1239 Ejusdem
522 1176 714 1232 ordinis
760 1176 1017 1231 individua
1053 1176 1150 1230 suis
1181 1179 1437 1243 finguntur

168 1259 415 1316 moribus,
429 1261 568 1313 Inter
578 1251 920 1326 Lepidoptera
932 1260 1173 1314 Phalaenae
1189 1263 1436 1326 pleraeque

167 1340 400 1407 lucifugae
419 1382 433 1404 ‚
468 1361 586 1396 raro
616 1341 776 1396 oculis
798 1344 906 1397 sunt
927 1343 1126 1408 obviae3
1163 1344 1247 1398 sed
1268 1345 1439 1398 lumen

165 1423 325 1477 solare
360 1423 612 1490 fugientes
631 1466 644 1487 ,
675 1423 862 1478 lumine
898 1426 1220 1480 candelarum
1247 1426 1438 1492 lampa-

167 1504 385 1571 dumque
411 1543 424 1566 ,
471 1505 640 1560 nescio
679 1525 773 1571 qua
808 1505 1007 1560 ratione
1037 1542 1049 1562 ,
1089 1507 1437 1572 attrabuntur3

167 1585 284 1640 inde
317 1609 409 1654 per
447 1586 653 1642 noclem
688 1589 952 1641 obscuram
977 1588 1029 1642 in
1060 1588 1291 1642 cubicula
1327 1588 1439 1642 illu-

164 1669 353 1733 minata
383 1670 570 1726 intrant
592 1668 643 1720 &
663 1668 713 1720 in
735 1668 991 1722 venatoris
1013 1690 1216 1723 manum
1236 1668 1438 1736 copiose

163 1749 406 1812 incidunt.
428 1750 658 1808 Luminis
680 1749 840 1807 aditus
862 1788 873 1811 ‚
903 1752 1017 1806 vitri
1040 1773 1136 1820 ope
1157 1796 1170 1816 ,
1197 1772 1435 1811 accurate

166 1832 528 1895 interdicatur,
553 1855 616 1893 ne
636 1834 815 1889 Tineae
838 1874 850 1895 ‚
899 1837 1160 1903 Pyralides
1178 1879 1194 1899 ,
1230 1838 1439 1894 Tortri-

165 1938 277 1983 ceS‚
293 1923 389 1974 δίε.
410 1917 601 1990 seipsas
620 1917 899 1977 accendant
914 1936 996 1973 aut
1013 1919 1439 1979 contaminentur.

162 2003 247 2063 Ad
263 2001 529 2067 jucundam
547 2001 673 2054 hanc
691 2000 1016 2057 venationem
1032 2005 1291 2061 conclavia
1306 2009 1440 2063 nuda

166 2084 281 2139 aliis(
321 2083 555 2140 feliciora
594 2128 608 2151 ,
663 2085 934 2149 praesertim
996 2087 1032 2141 s1
1079 2090 1222 2154 sylvae
1264 2090 1439 2146 vicinae

166 2166 398 2222 fenestrae
436 2168 530 2222 sint
570 2167 824 2234 oppositae.
871 2169 1109 2224 Phalaenae
1131 2191 1237 2237 quae
1261 2175 1439 2233 oculos

165 2250 422 2317 fugierunt
440 2295 453 2316 ‚
483 2249 683 2317 postera
706 2248 786 2303 die
809 2250 871 2303 ad
893 2249 1138 2306 fenestras
1158 2256 1409 2309 turmatim
1425 2287 1437 2309 ²

170 2353 438 2392 accurrent
459 2380 474 2403 ‚
507 2337 677 2402 ibique
709 2375 726 2395 ,
777 2333 1010 2388 fenestris
1042 2336 1218 2390 clausis
1245 2376 1255 2394 .
1292 2339 1438 2392 facile

169 2418 458 2484 capientur3
507 2422 593 2477 sed
634 2423 761 2475 lunae
793 2418 1042 2486 oppofitio
1079 2420 1281 2478 vitanda
1322 2422 1396 2478 est
1421 2462 1438 2487 ‚
