1722 2815
250 207 287 245 x
556 195 596 249 P
630 195 677 251 R
711 191 784 252 AE
819 196 863 253 F
902 197 946 254 A
980 196 1031 254 T
1063 199 1089 256 I
1123 197 1196 258 O.

251 272 431 339 vigilia:
466 275 601 331 enim
626 279 885 335 nonurnae
910 296 1030 337 tunc
1063 283 1266 351 prorsus
1293 281 1511 340 inutiles.

252 355 333 411 Ex
361 357 477 412 loco
502 377 709 414 venatus
748 381 956 417 araneas
978 365 1168 431 expelle
1206 364 1513 422 :Phalaenas

253 440 448 496 retibus
522 441 836 498 involventes
884 489 899 512 ‚
971 449 1220 504 devotant
1282 451 1515 516 spemque

253 526 512 580 venatoris
544 527 746 584 fallunt;
781 527 847 582 fic
885 529 1230 597 Lepidoptera
1250 575 1266 595 ,
1299 552 1518 601 quorum

254 609 436 665 Erucae
475 606 722 662 rariffimae
753 651 768 675 ‚
815 610 1003 667 lumine
1043 614 1255 682 decepta
1279 659 1294 682 ‚
1327 615 1519 682 impru-

255 693 437 747 denter
493 690 649 746 nofiu
704 691 865 748 oculis
918 693 971 748 in
1017 714 1199 751 vanum
1256 699 1359 751 sese
1414 717 1520 752 non

255 773 492 830 offerunt.
550 774 798 842 sphinges
822 818 835 842 ‚
867 778 1159 850 Bombyces
1196 778 1518 845 Noetuaeque

253 859 478 920 maiores
501 857 764 913 introitum
791 850 1053 917 susurrone
1069 861 1379 918 annuntiant.
1417 861 1520 917 Fe-

254 940 449 997 nestras
477 939 653 997 claude
675 983 689 1007 ,
718 962 782 996 ne
812 941 1056 997 fenestras
1081 943 1264 998 adeant
1283 941 1522 1009 citiusque

254 1026 533 1081 elabantur·
566 1027 693 1082 Non
722 1027 878 1079 solum
908 1027 1148 1081 Phalaenae
1178 1027 1262 1082 sed
1296 1028 1525 1094 quaedam

257 1107 578 1176 Coleoptera
613 1157 627 1179 ‚
672 1112 875 1179 quidam
909 1111 1141 1168 Cimices
1175 1156 1190 1179 ,
1237 1117 1333 1169 δῖε.
1383 1114 1531 1175 huius

256 1192 510 1248 manubrii
543 1214 639 1262 ope
663 1237 679 1257 ,
708 1194 900 1262 vigilias
929 1196 1139 1251 solvent.

304 1306 390 1361 Ad
416 1304 676 1362 historiam
693 1307 1140 1376 Entomologicam
1157 1311 1527 1378 perficiendam

257 1389 409 1444 larvae
431 1388 707 1445 necessario
737 1390 1027 1456 educandae.
1062 1394 1264 1455 Omnes
1285 1397 1396 1452 fere
1421 1394 1534 1451 feli-

259 1472 388 1527 citer
424 1476 471 1531 in
509 1496 721 1544 puppam
758 1494 1046 1541 mutantur,
1077 1479 1163 1534 sed
1205 1501 1310 1535 non
1346 1499 1530 1535 omnes

258 1556 326 1609 ad
351 1556 622 1625 imaginem
648 1558 965 1625 perveniunt.
1010 1561 1070 1614 In
1093 1576 1230 1615 terra
1256 1557 1535 1615 humidiori

260 1639 529 1698 sicciotive
569 1642 881 1710 frequentius
914 1660 1129 1710 pereunt
1165 1642 1539 1709 Chrysalides;

261 1727 404 1782 larva
433 1729 530 1784 alni
561 1727 754 1792 duplica·
787 1727 951 1779 cauda
988 1727 1214 1783 ultimam
1251 1747 1372 1782 raro
1406 1726 1538 1783 subit

263 1811 719 1878 metamorphosin,
751 1813 1014 1867 deificatur
1046 1828 1129 1866 aut
1150 1810 1370 1867 maceffit
1393 1847 1409 1870 ,
1438 1810 1539 1863 fol-

265 1895 443 1951 liculus
471 1896 622 1965 igitur
643 1915 671 1949 e
694 1911 831 1949 terra
853 1895 1212 1949 extrahendus⁴
1248 1892 1304 1949 Si
1327 1911 1541 1948 coacer-

268 1995 451 2036 vantur
484 1983 635 2037 larvae
670 2020 683 2042 ‚
738 1977 1099 2048 vegetabilium
1124 2012 1137 2036 ‚
1195 1976 1549 2044 stigmatorum.

270 2083 817 2131 excrementorumque
886 2085 1044 2130 vapor
1093 2062 1293 2118 lethalis
1356 2059 1546 2117 Erucis

270 2151 469 2216 semper
492 2147 673 2204 noxius
691 2148 765 2204 est
787 2171 800 2207 3
837 2151 945 2202 vasa
965 2165 1200 2203 accurate
1223 2144 1547 2209 mundanda,

275 2252 341 2289 ne
376 2234 527 2287 larvae
562 2247 815 2298 corruptae
855 2228 963 2285 aliis
1003 2229 1211 2285 funestae
1240 2229 1349 2284 fint.

339 2350 721 2421 Quodcumque
744 2345 956 2414 systema
977 2346 1034 2400 sit
1057 2346 1351 2412 adoptatum
1377 2384 1390 2404 ,
1426 2342 1549 2399 clas-

280 2435 404 2490 sium
460 2431 707 2501 separatio
747 2473 761 2495 ‚
815 2432 1039 2496 eiusdem
1095 2430 1251 2486 classis
1305 2445 1548 2496 generum
