1722 2815
564 123 979 168 Srnorsrs.

294 238 353 282 υ.
385 233 597 291 ceoffioyz.

134 348 393 403 Spirilingues
439 345 512 386 alis
554 346 736 399 patenti-

188 406 260 446 bus
277 432 290 450 ,
338 402 499 456 primam
551 400 736 441 familiam

190 458 395 499 claudunt.
423 459 467 496 In
487 456 656 496 secunda
678 454 738 495 fa-

189 513 305 553 milia·
316 511 411 552 alias
427 510 625 564 phalaenas
636 524 740 563 prae-

190 568 339 608 cedunt
381 566 570 621 phalaenae
610 566 737 617 fiairi-,-

191 620 344 676 lingues
370 620 442 670 alis
467 621 709 676 patentibus.

157 899 260 938 PH.
311 898 352 937 A
402 895 724 937 CHAPPE.

146 1005 239 1056 obs:
275 1015 310 1045 1.
350 1007 502 1045 Noram
539 1003 746 1045 characte-

191 1060 357 1102 risticam
368 1060 537 1114 agnovit
549 1058 604 1098 D.
620 1057 744 1112 Geoffi

194 1115 262 1156 sed
318 1115 496 1168 neglexit
556 1115 595 1154 ὅτ
641 1114 747 1153 inter

194 1169 302 1223 phal.
329 1169 512 1207 tortrices
541 1169 750 1220 reperiun-

195 1234 277 1264 tur.
304 1223 519 1263 CharaCler
548 1221 751 1266 nihilomi-

194 1290 272 1319 nus
323 1277 477 1317 lucidus
527 1276 581 1316 est
603 1306 618 1326 ‚
678 1276 748 1317 etfi

195 1331 408 1384 aliquoties
460 1330 547 1370 haec
599 1330 749 1371 alarum

195 1386 384 1427 struaura
422 1385 551 1425 minus
577 1385 749 1440 magisve

196 1441 243 1482 fit
272 1439 502 1494 conspicua.

141 1550 232 1601 Obs.
262 1562 303 1591 2.
332 1553 377 1591 In
413 1550 597 1591 omnibus
630 1550 704 1590 alae
733 1580 748 1601 ,

196 1607 357 1646 ratione
376 1604 597 1659 latitudinis
610 1635 623 1655 ,
650 1604 748 1645 bre-

197 1673 270 1710 ves
294 1660 396 1707 sunt.
418 1661 482 1709 Sic
509 1661 619 1707 tinea
651 1660 749 1710 dor-

190 1716 295 1767 fizna
353 1714 409 1755 D.
467 1714 591 1772 Geoffi
643 1715 750 1765 igiter

198 1769 387 1819 tortrices
415 1770 674 1827 numerancla.
696 1772 749 1813 V.

1312 134 1387 178 sn

955 232 1226 289 numm&
1322 204 1323 208 ¹

926 345 969 385 A
972 357 1126 386 ntennae
1141 344 1346 388 filiformes
1361 346 1393 388 s.

846 401 1024 442 articulis
1048 401 1224 455 plurimis
1257 402 1397 458 lprevi-

846 456 920 496 bus
946 486 960 505 ,
1024 455 1240 510 aequalibus
1257 485 1271 504 ‚
1324 456 1399 497 ob-

846 509 984 551 soletis
1004 541 1018 562 ,
1061 510 1172 552 larva
1218 522 1399 562 vrn-x·

848 567 967 620 Poda-

794 621 907 670 Ordo
920 631 937 660 1
945 650 955 660 .
967 621 1033 662 An
1039 633 1167 662 tennae
1177 622 1399 676 pestinatae.

792 698 902 708 ——
924 687 950 718 2
953 704 1175 719 ......
1193 677 1374 726 setaceae.

843 870 1356 945 PYRAtrnssa

801 1002 942 1054 Palpz',
963 1003 1183 1053 nudiusculi
1199 1035 1212 1055 ,
1231 1004 1308 1045 basi
1332 1017 1407 1059 cy-

856 1058 1015 1107 lindrici
1033 1090 1045 1117 2
1063 1060 1195 1100 medio
1212 1060 1405 1110 dilatato-

858 1115 999 1164 ovati,
1031 1115 1143 1169 apice
1172 1114 1359 1157 subulati.

804 1167 956 1219 Lingua
981 1169 1296 1218 membranacea.

806 1222 1007 1272 Antennae
1027 1223 1208 1273 setaceae.

803 1276 937 1318 Larva
972 1277 1153 1333 16-poda
1173 1307 1187 1326 ,
1229 1279 1409 1336 plerum-

859 1345 937 1384 que
987 1334 1091 1373 intra
1140 1333 1337 1375 cucullum
1386 1348 1410 1376 e

861 1385 968 1427 foliis
994 1388 1216 1440 plantarum
1243 1399 1414 1429 contor-

861 1442 914 1481 tis
935 1441 1011 1482 filis
1032 1443 1285 1495 paucioribus
1312 1457 1412 1484 con-

863 1497 976 1547 neris
1008 1497 1151 1547 lgtens.

804 1549 895 1602 Obs.
911 1552 1120 1604 Pyralidis
1145 1566 1291 1600 nomen
1321 1565 1411 1594 tor-

857 1607 1020 1648 trictibus
1065 1606 1228 1659 System.
1280 1618 1414 1657 trans-

858 1661 952 1703 tulit
985 1665 1045 1702 De
1073 1661 1168 1702 Fab.
1199 1663 1303 1703 ratio
1330 1677 1415 1708 non

859 1724 1001 1770 patet,
1047 1731 1166 1770 quum
1205 1719 1410 1759 nominum

861 1771 1080 1812 trivialium
1157 1774 1412 1813 terminatio-

859 1839 952 1867 nem
979 1842 1058 1866 ana
1082 1826 1411 1878 conservaverit;

861 1881 943 1934 ipse
977 1883 1081 1922 enim
1106 1880 1247 1922 clariss.
1280 1885 1414 1923 Ento-

860 1936 1048 1990 prologus
1075 1936 1182 1986 hunc
1218 1950 1413 1983 canonem

863 1989 1009 2046 posuit,
1040 1991 1186 2031 Omnes
1215 1993 1414 2032 nominum

865 2046 1106 2099 'mutationes
1139 2047 1275 2096 anfizm
1302 2063 1415 2100 prae-

866 2102 957 2141 benc
1002 2102 1251 2161 conjitfionis.
1314 2101 1416 2140 Ma-

863 2166 983 2203 neant
1001 2155 1083 2195 ideo
1096 2186 1108 2205 ,
1124 2157 1279 2209 nfiflnt
1293 2157 1415 2195 noxia

866 2222 936 2260 aut
975 2211 1170 2261 abficrda,
1223 2213 1329 2264 quod
1371 2212 1414 2250 in.

829 2289 836 2293 -
869 2265 959 2306 casu
996 2264 1177 2318 praesenti
1216 2279 1299 2308 non
1338 2267 1413 2308 ad<²

870 2320 972 2362 mitti
1000 2318 1140 2374 potest.
1162 2321 1217 2362 V.

1040 2430 1136 2470 Μαι
1164 2429 1208 2472 iv
