1722 2815
309 115 393 169 ‘532
447 113 693 157 INsEcrA
721 112 1478 169 [nmen-ERAAEhaLAlucitaz·

698 222 805 264 enim
834 223 884 262 ad
917 222 1104 265 alucitam
1147 227 1461 280 monodadylam
1495 232 1589 280 per-4

696 278 829 318 tinent
866 277 1074 331 reipsaque
1109 281 1285 346 Rectum*
1309 295 1394 322 non
1431 283 1607 322 indica-⁴

695 341 844 372 verunt
886 331 988 372 DD.
1035 334 1082 372 de
1130 336 1259 388 Geer‚
1298 337 1395 378 Fab.
1430 339 1476 376 In
1509 337 1587 376 hac

696 386 828 438 specie
853 387 931 426 alae
953 389 1177 439 fitperiores
1199 394 1249 432 ad
1275 393 1446 433 medium
1464 391 1586 444 usque

697 440 830 485 sciffae.
860 444 956 481 Pars
984 445 1163 485 exterior
1188 448 1301 499 apice
1334 459 1457 488 curva
1475 477 1488 496 ‚
1522 449 1589 486 in-

697 495 824 536 ferior
855 498 967 550 apice
997 498 1150 540 lunata.
1185 502 1328 542 Variat
1364 512 1452 542 tota
1480 500 1587 540 fusca

698 552 766 590 vel
802 553 966 592 maculis
1000 553 1099 593 albis
1138 556 1349 598 maculata.
1393 556 1521 596 Pedes
1551 555 1590 596 ὅ(

695 617 882 646 antenna·
907 607 1020 649 fusco
1049 609 1273 664 variegata.
1298 614 1354 654 V.

311 717 644 775 Tridafiy-Iosss.
677 720 724 758 P.
755 721 810 761 A.
844 722 862 772 (
892 718 928 759 la
960 719 1226 775 Tridastyle)
1258 720 1330 761 alis
1357 719 1590 775 patentibus

338 776 390 819 la.

694 774 784 815 fiffis
804 806 816 826 ‚
849 775 1006 828 pallidis
1027 806 1040 826 ,
1074 775 1190 816 lineis
1217 775 1331 816 albis.

642 831 739 871 Fah.
772 830 960 883 pteroph.
986 841 1008 884 3
1026 861 1038 880 ,
1067 831 1138 871 alis
1159 831 1319 885 posticis
1346 831 1571 885 tripartitis.

578 895 582 899 '
637 887 829 937 Aezfhc.
856 885 991 925 Berol.
1020 897 1108 926 nat.
1139 901 1224 926 cur.
1245 896 1283 939 3.
1312 898 1342 925 t.
1364 899 1399 927 Ι.
1418 887 1459 939 f.
1480 885 1529 926 8.'

639 941 740 981 Hah.
771 942 811 980 in
843 943 1019 993 Europa.
1047 944 1093 981 In
1121 941 1251 981 Gallia
1278 941 1392 982 Aust.
1424 945 1475 982 V.

638 996 737 1036 Alae
758 995 982 1048 fitperiores
1010 996 1162 1048 bifidae,
1196 997 1407 1049 inferiores
1433 997 1591 1048 trifidae.

641 1052 733 1102 Obs.
766 1063 803 1091 1.
831 1050 911 1090 Sub
939 1052 1082 1091 eodem
1100 1052 1265 1091 nomine
1283 1052 1522 1092 describitur
1549 1052 1593 1091 in

694 1107 858 1146 Entom.
882 1121 992 1145 carn.
1022 1107 1271 1146 individuum
1299 1106 1483 1145 alterum.

637 1162 774 1201 Nivea
815 1168 936 1204 tota,
981 1159 1053 1198 alis
1093 1160 1238 1197 anticis
1272 1158 1380 1198 ultra
1421 1160 1594 1199 medium

696 1214 827 1253 bifidis
845 1243 858 1263 ‚
883 1211 1044 1265 posticis
1075 1211 1236 1254 trifidis.

587 1248 590 1250 v
640 1268 754 1308 Poda
781 1283 841 1318 gr.
870 1277 902 1307 t.
926 1277 965 1305 Ω..
995 1268 1036 1321 f.
1063 1276 1129 1319 14.

642 1323 743 1364 Hah.
765 1324 805 1363 in
826 1325 998 1375 Europae
1022 1323 1162 1376 pratis.
1189 1325 1236 1363 In
1257 1323 1388 1365 Gallia
1405 1324 1518 1366 Aust.
1536 1327 1590 1366 V.

640 1379 760 1429 Defi.
800 1379 1017 1431 Segmenta
1059 1378 1216 1418 alarum
1238 1381 1483 1431 superiorum
1522 1382 1595 1420 de-

699 1434 801 1474 flexa
820 1434 856 1473 ὅ(
877 1432 1036 1473 falcata.
1066 1434 1325 1487 Segmentum
1347 1435 1423 1474 alae
1438 1437 1594 1487 posticae

695 1488 1001 1529 subdistineium.
1034 1487 1148 1527 Oculi
1173 1489 1294 1543 nigri.

645 1545 737 1595 Obs.
766 1556 806 1583 2.
855 1544 1019 1597 Species
1052 1543 1209 1584 diversa
1243 1545 1418 1586 videtur.
1457 1545 1595 1586 Lar-va

695 1599 857 1641 dubium
886 1598 1034 1641 solvet.
1060 1601 1118 1641 V.

314 1715 504 1759 Teffera-
530 1711 650 1755 1086.
682 1714 728 1753 P.
759 1713 812 1752 A.
846 1711 928 1763 (la
975 1710 1133 1766 dafiyle
1184 1712 1418 1764 marquetee
1453 1712 1471 1762 )
1523 1711 1596 1752 alis

338 1771 511 1826 dac'iyla.

696 1767 929 1822 patentibus
966 1767 1057 1807 siffis
1082 1798 1096 1817 ‚
1140 1767 1304 1808 cinereo
1323 1790 1345 1798 -
1363 1766 1559 1808 nebulosis
1574 1795 1590 1814 ‚

696 1823 856 1877 posticis
892 1821 1024 1863 fuscis.
1048 1825 1070 1843 *²

642 1880 739 1920 fab.
767 1877 955 1932 pteroph.
979 1889 1020 1929 4.

642 1935 766 1976 Eum.
795 1933 925 1979 fridr„
955 1949 994 1973 n.
1025 1940 1116 1983 527.

643 1989 744 2029 Hah.
779 1989 818 2028 in
849 1991 1024 2040 Europa.
1058 1990 1105 2027 In
1131 1985 1263 2027 Gallia
1288 1986 1400 2027 Aust.
1424 1990 1478 2027 V.

644 2044 763 2093 Dese.
804 2042 900 2082 Alae
931 2043 1158 2095 Jizperiores
1195 2043 1361 2082 cinereo
1397 2041 1589 2095 fuscoque

696 2098 899 2138 nebulosae
921 2110 959 2146 ,·
986 2095 1117 2138 fiffura
1162 2098 1425 2138 connivente.
1471 2098 1589 2150 Infe-

699 2155 825 2194 riores
847 2152 989 2202 fuscae,
1019 2158 1095 2193 nec
1117 2151 1325 2193 maculatae
1342 2183 1355 2202 ‚
1383 2154 1590 2194 tetradac-

697 2208 807 2254 lvlae.
840 2207 964 2247 Faun.
987 2218 1108 2259 1454.

635 2256 738 2313 obs.
753 2263 799 2303 In
814 2262 956 2303 nostris
982 2262 1259 2315 speciminibus
1275 2262 1352 2303 alae
1362 2264 1586 2315 fitperiones

698 2332 782 2360 non
823 2319 1124 2372 tetradacstylae,
1171 2318 1238 2359 sed
1284 2328 1420 2362 cetera
1455 2329 1500 2361 ut
1539 2320 1584 2361 in

694 2374 804 2414 Faun
821 2375 926 2423 staec.
955 2373 1235 2428 descriptione.
1265 2376 1319 2420 V.
