1722 2815
385 126 471 183 526
523 126 771 172 Inszcu
801 126 1234 172 tumor-rum.
1245 127 1362 174 Phal.
1371 127 1530 177 Tineaet

770 236 923 288 roheis,
941 238 1095 281 macula
1113 253 1256 296 magna
1281 239 1535 292 albidiffima,
1553 246 1658 285 mar-

770 294 866 349 gine
891 293 1086 335 interiore
1123 295 1285 337 sinuata.
1318 294 1415 336 Alae
1446 298 1657 351 inferiores

775 347 1013 403 griseae.1n
1050 349 1246 392 honorem
1282 351 1339 392 D.
1375 350 1573 402 Francisbi
1609 354 1656 393 de

772 403 904 445 Paula
934 402 1126 445 Schranlci
1148 406 1453 448 enumeratione
1486 406 1657 448 insecto-

770 472 859 499 rum
907 458 1078 499 Austriae
1128 463 1296 523 cogniti.
1340 464 1451 515 Opus
1486 461 1659 516 perutile

769 520 854 554 tam
905 514 1176 568 synonymiae
1206 518 1488 558 emendatione
1544 529 1662 569 quam

771 568 1083 624 descriptionum
1117 569 1420 613 rectificatione.
1443 571 1661 613 Defidera-

771 632 885 665 retur
914 623 1258 687 lepidopterorurn
1279 629 1543 668 enumeratio.
1573 629 1661 668 Re·-

771 679 956 721 seffionis
975 681 1080 720 ratio
1102 680 1294 733 sequens:
1307 682 1353 722 &
1376 682 1468 733 quia
1493 683 1659 722 immor-

769 734 844 775 tali
873 736 988 788 operi
1029 737 1138 788 quod
1179 736 1228 775 de
1265 735 1526 790 lepidopteris
1571 749 1662 777 cum

770 798 865 831 toto
900 790 1001 831 orbe
1042 791 1202 831 erudito
1245 801 1268 830 a
1307 802 1410 831 vero
1453 790 1662 832 clariffimo

768 845 928 897 Ignatio
962 844 1292 899 Scluffbrmullero
1333 845 1411 886 sac.
1444 845 1544 886 Caes.
1577 858 1665 897 ma-

770 900 920 954 jestatis
941 901 1172 942 consiliario
1195 900 1438 954 collegitque
1464 900 1666 951 Nordici,

766 957 1031 1008 quod‘Lincii
1058 956 1138 1002 est,
1174 958 1433 996 moderatore
1467 956 1636 1010 expecto
1651 983 1668 1003 ,

770 1011 863 1053 addi
906 1010 1007 1052 nihil
1041 1010 1150 1064 poffe
1187 1010 1432 1057 existimem,
1475 1012 1660 1051 ordinem

771 1065 882 1106 hunc
923 1066 1160 1107 insectorum
1209 1067 1377 1107 omnino
1419 1065 1664 1120 praetermifi.

769 1120 916 1163 Enum.
946 1123 1065 1177 praef.

384 1234 734 1284 Aldrovan÷1072.
766 1229 814 1270 P.
846 1229 898 1268 T.
930 1230 947 1279 (
973 1226 1312 1278 l’Aldrovande)
1338 1227 1409 1267 alis
1441 1222 1668 1279 violaceis,

414 1287 535 1327 dena.
727 1301 730 1305 ’
771 1282 894 1325 fascia
929 1281 1020 1323 alba
1065 1283 1108 1325 in
1143 1283 1278 1323 medio
1302 1312 1316 1334 ‚
1349 1286 1535 1324 antennis
1569 1284 1668 1325 lon-

771 1338 943 1392 giffimiS.

718 1393 819 1435 Hah.
842 1394 887 1434 in
917 1396 1094 1446 Europa.

712 1450 833 1500 Dese.
867 1449 964 1490 Alae
1001 1464 1139 1490 omnes
1182 1448 1319 1490 subtus
1361 1447 1517 1499 fuscae,
1557 1449 1671 1503 apice

769 1504 885 1545 albae.
927 1507 972 1544 In
1008 1502 1208 1544 honorem
1244 1504 1504 1565 infatigabilis
1541 1503 1664 1547 labo-

755 1559 940 1612 riosique
966 1558 1409 1612 Aldrovcrn'di,cu1us
1450 1559 1636 1601 musaeum
1655 1588 1671 1609 ‚

775 1614 991 1663 Bononia,
1021 1615 1144 1658 etiam
1169 1614 1292 1677 hodie
1320 1615 1500 1656 viatores
1521 1614 1669 1669 stupet.

388 1724 606 1783 Esperella.
620 1690 744 1780 1073.
775 1726 823 1766 P.
853 1726 905 1766 T.
937 1724 1162 1779 (l'Esper)
1183 1724 1258 1767 alis
1287 1725 1520 1779 argenteis,
1540 1723 1670 1767 fasciis

774 1780 928 1820 duabus
964 1782 1111 1825 aureis.

717 1835 823 1879 Hah.
850 1837 889 1876 in
918 1838 1094 1891 Europa.

711 1890 833 1941 Dese.
881 1893 1011 1932 Parva
1062 1891 1102 1933 &
1143 1889 1320 1933 linearis.
1371 1892 1416 1930 In
1468 1890 1667 1932 honorem

776 1945 836 1987 D.
864 1946 1000 1998 Esperi
1022 1958 1147 2000 opere
1171 1946 1364 1999 lepidopt.
1389 1948 1560 1999 cogniti.

385 2055 591 2098 Admirel-
615 2065 739 2111 1074.
772 2057 816 2095 P.
846 2036 898 2096 T.
933 2057 951 2107 (
976 2054 1187 2096 I'Admiral
1213 2056 1230 2106 )
1278 2055 1350 2094 alis
1400 2054 1669 2109 superioribus

420 2124 483 2155 a..
717 2119 719 2121 ’
768 2110 811 2150 in
837 2112 973 2152 medio
1009 2111 1242 2152 rubicundis
1264 2139 1277 2159 ‚
1317 2111 1464 2163 punCto
1509 2112 1639 2166 nigro
1657 2141 1670 2163 ,

769 2167 950 2220 margine
978 2165 1175 2207 exteriori
1210 2165 1439 2220 variegato.

715 2221 815 2265 Hah.
840 2223 884 2263 in
923 2224 1098 2274 Europa.
1250 2238 1252 2241 >

717 2277 834 2328 Defi.
856 2278 1010 2317 Parva.
1024 2276 1122 2316 Alae
1137 2276 1348 2329 inferiores
1366 2276 1501 2316 subtus
1524 2274 1659 2316 fuscae.

740 2370 741 2373 ,
766 2332 1037 2384 Ιηᾈιοῐιοτεηι
1060 2331 1118 2372 D.
1137 2331 1366 2373 Admiralis
1389 2344 1502 2385 cujus
1526 2332 1666 2373 icones

741 2388 885 2432 ,Xivis
910 2386 1118 2431 coloribus
1143 2385 1306 2429 fucatae.
