1722 2815
246 87 493 150 ΙΝςΕότΑ
523 96 1268 142 LEPmOPTERAAEhaLTortrix.
1324 102 1403 149 425

137 216 346 258 imbertia-
375 212 472 265 760.
503 215 549 253 P.
581 213 631 252 T.
663 211 922 263 (ff'Imbert)
971 210 1043 252 alis
1086 209 1233 264 pallide
1279 204 1411 246 lutef-

172 284 236 312 na.
524 266 706 308 centibus
730 297 742 317 ,
781 267 898 306 fascia
944 265 1051 307 fusca
1090 264 1252 317 obliqua
1276 292 1289 313 ,
1334 273 1412 301 an-

526 322 675 376 gulata.

471 377 570 418 Hah.
616 378 657 415 in
706 379 880 430 Europa.
917 378 962 416 In
995 374 1124 416 Gallia
1163 372 1274 414 Aust.

473 432 589 482 Desc.
602 434 769 486 Magna.
783 433 985 470 Antennae
997 431 1109 485 supra
1125 429 1238 470 albae.
1252 425 1415 468 Thorax

527 486 678 541 griseus
702 518 715 537 ‚
760 486 1024 527 fasciculatus.
1069 485 1165 524 Alae
1193 483 1418 534 superiores

530 541 675 595 pallide
702 541 968 590 lutescentes‚
996 541 1122 594 strigis
1146 539 1321 592 plurimis
1339 534 1420 576 fus—

528 597 587 637 cis
624 597 855 642 undulatis,
887 609 1050 649 quarum
1084 608 1164 634 una
1191 603 1259 633 aut
1288 590 1421 644 dupli-

529 661 619 691 cata
656 661 724 690 aut
758 651 932 690 latissima
953 681 965 698 ‚
1007 663 1030 690 a
1069 650 1203 688 medio
1232 645 1422 700 marginis

531 706 738 746 interioris
791 705 997 745 descendit
1047 703 1184 743 versus
1234 700 1422 755 angulum

531 762 624 810 ani,
665 759 798 812 postea
826 759 1001 799 ascendit
1043 757 1178 797 versus
1204 755 1421 808 marginem

531 815 792 854 exteriorem.
812 815 906 851 Pars
926 812 1168 853 descendens
1185 810 1425 850 ascendente

534 868 711 921 longior.
745 867 888 906 Ambae
921 866 1108 920 angulum
1140 874 1300 906 acutum
1331 862 1425 903 for-

532 931 658 962 mant.
688 921 836 961 Subtus
866 921 1019 960 macula
1055 919 1160 960 fusca
1198 918 1427 960 lanceolata

531 987 578 1015 ut
621 977 661 1015 in
709 977 815 1017 noct.
858 976 1039 1028 fimbria.
1083 975 1178 1014 Alae
1215 975 1426 1028 inferiores

535 1031 828 1081 fuscescentes,
859 1033 1038 1085 margine
1066 1030 1288 1079 alhiffimis,
1323 1029 1428 1069 ciliis

534 1087 681 1126 cinsio.
699 1086 846 1126 Subtus
867 1095 1111 1140 argentatae,
1130 1085 1255 1138 strigis
1278 1085 1430 1124 duabus

539 1143 676 1180 curvis
701 1143 927 1194 punitoque
950 1141 1135 1181 centrali.
1163 1143 1208 1180 In
1229 1140 1429 1179 honorem

538 1196 654 1235 amici
707 1196 830 1236 nostri
875 1196 932 1235 D.
975 1196 1123 1236 Imberc
1171 1195 1228 1236 D.
1271 1194 1429 1246 δουβτ-γ

535 1251 728 1302 nepotis,
768 1263 844 1291 nec
891 1264 973 1290 non
1014 1250 1186 1290 historiae
1235 1250 1431 1289 naturalis

535 1305 780 1344 amantissimi
818 1305 1005 1358 cujusque
1043 1318 1133 1344 rara
1177 1306 1216 1345 &
1256 1303 1432 1357 pretiosa

537 1358 731 1400 librorum
760 1359 947 1400 collectio
973 1372 1058 1399 non
1083 1358 1210 1399 solum
1235 1361 1286 1398 ad
1312 1357 1433 1397 scien-

539 1415 685 1454 tiarum
711 1414 957 1469 progressum
986 1415 1138 1467 semper
1165 1424 1304 1466 aperta
1342 1414 1395 1452 est
1419 1442 1432 1460 ‚

539 1467 608 1509 sed
643 1470 793 1520 etiam,
841 1471 949 1522 quod
994 1471 1243 1517 notandum,
1279 1470 1433 1507 rariora

539 1535 697 1577 opera,
741 1524 853 1579 larga
895 1537 1044 1573 manu,
1091 1525 1132 1564 in
1171 1522 1433 1565 studiosorum

542 1578 726 1620 musaeum
756 1578 1066 1620 transferuntur.

159 1690 388 1734 Gilibertia-
404 1687 501 1745 761.
533 1690 581 1729 P.
612 1691 663 1730 T.
694 1692 712 1741 (
741 1688 778 1728 la
811 1689 984 1730 Gilibert
1009 1691 1026 1741 )
1051 1689 1122 1733 alis
1148 1703 1295 1740 aureo,
1325 1688 1435 1729 fusco

184 1759 250 1790 na.
542 1742 715 1796 alboque
745 1743 920 1797 fulgidis.

486 1798 589 1839 Hah.
633 1799 673 1838 in
713 1800 888 1852 Europa.
935 1801 981 1838 In
1013 1798 1142 1838 Gallia
1176 1798 1290 1839 Aust.
1327 1799 1435 1838 circa

544 1853 801 1895 Nemausum.

489 1909 605 1958 Dese.
624 1910 779 1949 Minor.
797 1907 1120 1960 Alaefitperiores
1134 1907 1434 1957 fusco-auratae,

544 1964 764 2006 innumeris
811 1964 978 2016 squamis
1020 1964 1117 2004 albis
1163 1964 1271 2004 lente
1312 1963 1436 2003 cons-

544 2020 671 2074 picuis
690 2048 702 2066 ,
735 2020 862 2059 teetae.
896 2019 1063 2060 Lineola
1084 2019 1172 2060 alba
1194 2020 1235 2058 in
1258 2019 1434 2072 margine

544 2075 754 2115 exteriori.
802 2073 919 2126 Infra
970 2073 1087 2114 fuscae
1115 2104 1127 2122 ‚
1172 2073 1239 2113 sed
1287 2073 1436 2113 lineola

546 2129 722 2170 vifibilis.
756 2131 799 2168 In
830 2129 1029 2169 honorem
1056 2127 1171 2169 Joan.
1193 2129 1323 2167 Erum.
1356 2127 1434 2166 Gi-

548 2185 699 2230 libert,
741 2185 846 2226 inter
891 2183 1176 2225 celeberrimos
1216 2183 1436 2225 Botanicos

547 2239 688 2279 sedens
707 2267 720 2286 ,
747 2238 1006 2292 plurimorum
1037 2251 1202 2292 operum
1236 2238 1371 2276 austor
1399 2238 1438 2275 δι

546 2295 680 2334 editor
706 2321 718 2338 ,
753 2294 1063 2348 immortalisque
1094 2292 1250 2334 Linnaei
1286 2291 1439 2346 dignita

555 2350 668 2390 limus
699 2348 912 2404 interpres.
