1722 2815
226 128 470 173 lasne-u
499 125 1214 181 Lnr1norrssRA.Phal.Tineae.
1275 139 1354 184 513

470 238 662 278 Punc’rum
703 239 876 292 nigrum·
902 238 943 289 in
984 240 1111 279 cauda
1144 237 1212 289 seu
1254 239 1352 281 lobo

475 293 548 333 alae
576 294 729 346 apicem
759 292 1014 334 terminante.

86 402 267 456 Equitel-
294 400 416 444 1008.
446 403 492 442 P.
523 404 575 442 T.
607 402 915 456 (l'appendice)
957 402 1031 442 alae
1067 404 1212 444 anticae
1248 417 1352 444 cau-

115 458 170 498 la.
470 457 562 497 dula
589 471 611 497 e
632 460 810 512 margine
829 459 1032 503 exteriore
1059 471 1152 498 nata
1177 457 1355 512 loboque

473 514 732 562 terminatae,
768 513 896 552 lituris
930 514 970 552 in
998 514 1178 566 margine
1209 516 1354 554 eodem

469 567 621 619 quinis,
640 569 680 606 in
703 567 884 620 oppollto
901 580 1000 607 vero
1020 568 1120 607 binis
1135 570 1354 623 argenteis.

413 621 516 662 Hah.
550 624 588 661 in
620 625 793 675 Europa.
820 624 865 662 In
894 622 1050 662 Breffia.
1082 625 1135 663 V.
1186 658 1189 661 ,

414 677 532 727 Dese.
564 679 672 716 Intra
705 678 841 717 lobum
873 677 945 716 alae
972 677 1123 717 macula
1151 674 1355 718 subovata

470 732 599 786 nigra.
652 729 824 770 Lineolae
862 734 949 770 duae
993 737 1136 772 anticae
1181 734 1354 785 obliquae

470 787 513 834 in
540 786 708 826 formam
738 787 885 826 litterae
928 786 980 826 V.
1016 788 1081 826 ted
1119 787 1355 839 disjunctam

470 842 512 880 in
543 842 615 882 alae
651 840 774 879 limbo
805 841 946 892 puncta
974 843 1048 879 tria
1075 853 1281 892 argentea.

420 894 512 944 Ohs
548 894 644 933 Alae
666 894 880 946 inferiores
915 888 1048 932 fusco-
1056 894 1208 947 griseae.
1235 896 1290 937 V.

87 1002 286 1045 Aruncel-
300 1013 421 1057 1009.
451 1001 497 1043 P.
526 1003 576 1042 T.
610 1004 628 1052 (
654 1003 702 1042 de
725 1001 893 1050 Γειᾶέε)
921 999 993 1041 alis
1013 1003 1157 1043 anticis
1180 1006 1360 1053 auratis,

113 1059 169 1100 la.
233 1083 236 1086 -
318 1071 321 1074 ·
468 1070 560 1098 cum
578 1058 683 1096 inter
697 1059 825 1097 mixto
842 1057 1048 1097 violaceo·
1055 1059 1178 1099 rubro
1197 1059 1357 1110 colore,

470 1111 607 1152 fronte
642 1114 772 1152 aureis
793 1111 882 1165 pilis
906 1112 1165 1165 pubescente.

414 1165 517 1208 Hah.
559 1168 598 1205 in
642 1170 815 1219 Europa.
860 1167 1031 1218 Copiosa
1077 1169 1117 1207 in
1162 1146 1359 1222 paniculis

471 1221 880 1271 a&eae,arunci.1n
912 1221 1042 1260 Gallia
1076 1223 1188 1263 Aust.
1212 1227 1264 1263 V.

417 1275 536 1325 Desc.
550 1277 748 1314 Antennae
761 1278 1017 1329 nigricantes.
1030 1265 1122 1316 Mas
1140 1277 1257 1318 fascia⁴
1275 1278 1358 1331 pal-

472 1331 552 1369 lida
563 1330 702 1369 lineari
728 1323 901 1369 Femina
911 1329 1055 1383 absque
1064 1332 1211 1371 alarum
1225 1333 1359 1374 fal'cia.

338 1428 340 1431 ,
418 1383 512 1435 Ohs.
552 1383 780 1424 Nostratum
811 1395 996 1423 antenna
1017 1378 1270 1439 longissimae.
1291 1389 1360 1427 An

472 1440 622 1481 eaedem
640 1442 655 1479 ἲ
685 1441 743 1486 V.

89 1553 278 1595 Alchimi-
308 1562 428 1592 1010.
460 1553 507 1591 P.
538 1551 587 1591 T.
620 1550 638 1599 (
662 1548 700 1588 la
719 1548 898 1599 solaire)
926 1546 998 1589 alis
1022 1551 1165 1591 anticis
1194 1552 1358 1602 aureis,

114 1609 207 1648 ella.
263 1617 266 1620 ’
471 1605 588 1659 striga
619 1603 840 1653 tnansversa
873 1605 1129 1659 maculaque
1125 1606 1360 1647 lanceolata

474 1661 631 1713 apicis,
662 1650 783 1699 laccae
815 1659 970 1699 colore.
1361 1660 1366 1662 ’

419 1715 521 1755 Hah.
549 1716 588 1754 in
619 1716 797 1778 Europa.
828 1755 831 1764 2

416 1770 534 1819 Defi.
579 1768 690 1807 Oculi
720 1769 844 1822 nigri.
889 1761 1006 1822 qupi
1048 1770 1196 1819 aurei,
1246 1772 1359 1824 apice

473 1817 735 1864 fusco-rubri.
748 1825 946 1862 Antenna·
960 1825 1215 1877 subaequales.
1233 1825 1358 1866 Frons

475 1881 514 1919 &
539 1879 617 1918 alae
647 1879 731 1920 auri
751 1877 932 1918 colorem
962 1880 1214 1933 nitoremque
1235 1894 1367 1920 aemu—-r

472 1931 616 1973 lantes.
662 1932 825 1972 Femora
883 1932 1032 1972 fusco-
1049 1935 1183 1975 rubra.
1232 1933 1358 1975 Tibia

475 1998 709 2043 argenteae,
727 1987 892 2038 annulis
918 1987 1050 2030 fuscis.

92 2099 285 2143 Auratel-
312 2108 433 2140 1011.
458 2099 507 2139 P.
538 2100 588 2138 T.
619 2101 638 2151 (
665 2098 702 2138 la
731 2081 892 2149 doree)
914 2093 993 2138 alis
1029 2100 1171 2140 anticis
1208 2099 1358 2141 rubro-

119 2156 171 2198 la.
339 2190 342 2192 ,
388 2195 391 2198 ⁴
475 2155 653 2200 auratis,
680 2152 805 2205 fascia,
833 2154 1074 2208 maculisque
1101 2156 1247 2207 aureis.

420 2208 523 2249 Hah.
551 2210 587 2247 in
616 2212 787 2263 Europa
814 2211 860 2248 In
884 2201 1153 2272 sylvestribus
1169 2199 1282 2248 locis.

421 2263 538 2312 Defh.
574 2264 736 2303 Macula
767 2276 886 2303 aurea
918 2265 958 2302 in
985 2264 1107 2303 limbo
1133 2265 1171 2302 ὅ(
1204 2264 1279 2303 alia
1296 2262 1359 2303 ad

479 2317 613 2367 basin,
648 2315 771 2367 fascia
802 2319 1050 2362 intermedia.
1097 2316 1221 2367 Caput
1264 2318 1360 2358 rufis

479 2373 567 2426 pilis
598 2348 829 2424 pubescem.
867 2373 917 2412 0
914 2371 981 2413 uli
1004 2364 1115 2411 fusci.

260 2430 391 2481 Inftd.
426 2426 572 2468 Turnus
603 2427 695 2473 IL‘
1069 2424 1142 2470 Kk
