1722 2815
354 187 598 226 Insssc‘rA
627 177 1057 226 annopmm.
1074 180 1188 222 Phal.
1204 181 1348 222 Geom.
1407 187 1482 232 325

220 293 552 347 carthesia-474.
585 272 630 333 P.
662 294 712 333 G.
747 296 764 345 (
793 293 829 333 la
855 294 1057 346 piquure)
1091 290 1398 344 pefflnicornis,
1417 287 1489 328 alis

247 350 373 392 naria.
604 347 719 388 fuscis
736 379 747 397 ,
776 350 918 389 atomis
944 348 1134 389 obscuris,

549 403 717 467 Halyjn
747 407 917 457 Europa.
962 407 1007 444 In
1035 401 1173 444 Galliae
1209 399 1321 440 Aust.
1349 398 1489 451 sylva-

549 462 858 563 DeJP.¹S·MYdor.
886 512 987 554 Tota
1018 512 1123 563 fusca
1142 542 1154 561 ‚
1185 508 1327 550 atomis
1347 504 1492 546 obscu-

602 569 774 610 rioribus
801 569 913 623 supra
940 567 1120 620 infraque
1150 562 1335 606 irro‘rata.

219 677 424 720 Bicimsta-
454 687 549 733 475.
580 681 626 719 P.
657 680 707 718 G.
741 682 758 730 (
785 679 821 718 la
862 678 1008 718 double
1045 677 1227 717 ceinture
1257 675 1274 724 )
1322 670 1495 726 1)εᾶἰηὶ-

246 733 318 778 ria.
605 734 740 773 cornis
759 763 769 781 ‚
798 732 868 772 alis
896 733 1009 772 flavis
1027 762 1038 780 ‚
1068 732 1183 770 lineis
1212 729 1380 782 superne
1413 726 1494 766 tri-

605 787 702 834 bus,
731 786 887 826 inferne
915 787 1064 826 duabus
1101 783 1332 825 transversis
1358 780 1493 821 fuscis.

549 840 650 880 Hah.
691 841 730 879 in
774 843 946 893 Europa.
991 841 1124 891 Prope
1166 839 1403 893 Lugdunum
1451 836 1495 875 in

602 895 759 934 Breffia.
788 897 840 934 V.

547 948 663 997 Dese.
709 951 867 998 Parva,
902 957 989 989 tota
1027 947 1165 998 flava,
1209 946 1326 986 lineis
1367 943 1494 985 tribus

601 1006 858 1057 margineque
888 1002 1020 1045 fuscis.

699 1114 762 1155 Ex
794 1115 886 1164 nost.
917 1113 1021 1165 Mus.

220 1225 426 1267 Obscura-
456 1224 552 1280 476.
585 1228 631 1266 P.
663 1227 713 1266 G.
747 1224 1054 1278 (l’obscurcie)
1087 1223 1395 1277 peffinicornss,
1424 1220 1497 1262 alis

249 1283 323 1327 ria.
399 1308 410 1317 -
608 1281 784 1322 obscuris
802 1311 814 1329 ‚
844 1281 958 1320 lineis
984 1280 1134 1319 duabus
1155 1279 1270 1320 fuscis
1294 1278 1496 1330 repandis.

544 1335 645 1376 Hah.
694 1337 731 1374 in
773 1339 947 1389 Europa.
992 1338 1037 1374 In
1079 1334 1210 1374 Gallia
1252 1333 1365 1374 Aust.
1411 1345 1497 1371 non

603 1391 806 1443 frequens.

546 1446 667 1496 Dese.
694 1447 886 1485 Maxima.
915 1444 1012 1485 Alae
1039 1461 1174 1485 omnes
1201 1444 1314 1498 supra
1341 1455 1498 1484 conco-

604 1502 737 1546 mres,
780 1501 906 1554 strigis
940 1501 1089 1540 duabus
1117 1500 1261 1548 fuscis,
1292 1498 1359 1538 sed
1388 1498 1498 1538 infe-

609 1557 759 1598 riorum
811 1555 937 1608 strigae
987 1569 1071 1595 non
1124 1556 1358 1594 coincidunt
1409 1565 1499 1592 cum

604 1610 871 1662 superioribus
923 1610 1063 1662 strigis.
1119 1611 1267 1661 Margo
1328 1607 1501 1660 posticus

605 1665 824 1705 obscurior.
847 1665 997 1704 Subcus
1025 1681 1160 1703 omnes
1192 1663 1332 1704 tristes.
1363 1661 1503 1703 Fascia

610 1719 691 1759 lata
708 1721 756 1759 ad
772 1723 988 1773 marginem
1003 1720 1190 1773 posticum
1213 1717 1475 1758 obscuriffima
1489 1747 1502 1764 ‚

606 1777 754 1834 pundko
798 1775 969 1816 centrali
1001 1777 1045 1818 in
1086 1775 1270 1815 omnibus
1315 1772 1425 1813 fusco
1469 1771 1506 1815 s.

611 1841 745 1883 nigro.

221 1941 425 1982 lutearia.
456 1950 553 1994 477.
584 1941 630 1980 P.
664 1941 714 1980 G.
749 1942 765 1991 (
791 1939 828 1978 la
863 1939 980 1987 jaune
1006 1940 1025 1989 )
1075 1938 1357 1992 pef’tinicornis
1379 1968 1390 1986 ‚
1433 1937 1507 1978 alis

608 1994 878 2048 superioribus
905 1995 1050 2044 luteis,
1084 1994 1343 2034 inferioribus
1372 1993 1507 2034 flavis.

557 2050 659 2106 Hah.
700 2053 736 2090 in
776 2054 952 2104 Europa.
1010 2053 1054 2091 In
1096 2050 1226 2090 Gallia
1269 2048 1381 2089 Aust.
1423 2061 1511 2088 non

609 2105 810 2159 frequens,

554 2161 672 2212 Dese.
702 2163 843 2201 Minor
864 2193 875 2210 ‚
899 2161 966 2202 sed
1010 2173 1093 2201 non
1135 2173 1272 2214 parva.
1303 2158 1506 2198 Antennae

610 2218 728 2258 maris
778 2217 896 2258 valde
944 2218 1167 2270 pecf’tinatae.
1231 2214 1327 2253 Alae
1373 2229 1509 2254 omnes

611 2273 746 2312 subtus
779 2273 894 2312 flavae
914 2303 926 2321 ‚
958 2272 1070 2313 fascia
1093 2283 1290 2324 purpurea
1318 2271 1358 2309 in
1393 2270 1514 2310 maris

617 2328 688 2368 alis
714 2329 911 2369 omnibus.
945 2329 1136 2368 Foeminae
1163 2338 1347 2365 antennae
1370 2325 1505 2367 lureae.

226 2436 594 2493 Brunnearia.478.
626 2441 670 2479 P.
703 2441 754 2482 G.
788 2442 804 2492 (
831 2439 868 2482 la
885 2439 1026 2480 brunie
1051 2437 1069 2489 )
1095 2437 1377 2535 Ρεᾶἰὶὲἰςρῑηὶε
1394 2467 1406 2488 ,
1440 2433 1520 2477 alis.

245 2520 255 2527 ,
1250 2506 1292 2543 υ]
