1722 2815
383 149 466 202 302
520 148 762 190 Insxzc‘rA
791 141 1218 194 Ismnofrnna.
1234 151 1349 193 Phal.
1366 150 1536 195 Geomf-

761 260 1203 304 albido-luteseentibus
1219 296 1230 315 ‚
1245 265 1494 318 inaequaliter
1505 264 1649 305 distanae

759 315 866 355 tibus
882 346 895 365 ,
923 319 1073 369 punffis
1093 321 1246 360 duobus
1265 322 1402 374 nigris.
1439 333 1468 359 t.
1490 319 1528 360 6.
1580 350 1589 359 .
1611 331 1647 361 Ι,

701 369 804 410 Hah.
829 372 867 409 in
895 375 1068 426 Europa.
1095 377 1140 414 In
1155 377 1311 416 Breffiae
1329 389 1458 429 pruno
1478 375 1646 428 spinosa.

701 425 821 476 Dese.
837 427 992 467 Minor.
1021 429 1114 468 Alae
1128 431 1351 481 superiores
1376 430 1617 471 lutescentes
1632 461 1647 481 ,

755 480 884 535 strigis
911 482 1061 522 duabus
1082 513 1094 532 ,
1121 484 1227 525 inter
1260 499 1356 540 quas
1383 487 1525 539 punela
1563 488 1644 526 duo

753 538 870 590 nigra
896 537 1059 590 oblique
1093 539 1215 591 posita
1234 555 1249 592 3
1284 542 1460 594 superius
1501 541 1641 594 majus.

753 590 903 639 5⁸¹⁴th
920 605 1059 634 omnes
1079 592 1214 634 luteae.
1232 592 1403 636 Faemina
1430 597 1644 650 aliquoties

755 647 985 701 majuscula.

698 700 790 753 obfi
823 704 968 744 Geom.
989 704 1160 757 falcatae
1185 704 1242 744 D.
1275 704 1369 746 Fab.
1397 709 1498 746 adeo
1513 706 1644 747 similis

752 767 824 807 ut,
852 760 975 799 oculo
1002 761 1122 799 etiam
1159 770 1313 800 armato
1335 791 1347 811 ,
1379 761 1642 801 differentiam

750 813 900 853 nullam
931 815 1088 856 offerat.
1130 815 1263 854 Maris
1298 828 1484 855 antennae
1511 816 1644 868 pesti-

750 878 883 916 natae,
909 872 1022 923 apice
1042 870 1223 911 setaceae.
1243 872 1401 911 Marem
1419 872 1541 926 igitur
1559 884 1643 911 non

748 925 854 963 vidit
894 924 948 964 D.
978 925 1075 965 Fab.
1106 935 1174 965 aut
1201 926 1317 978 dupla
1350 927 1498 978 species
1517 957 1529 975 ‚
1561 940 1640 966 una

748 979 791 1018 in
821 979 897 1019 hac
941 980 1133 1020 divisione
1152 1011 1165 1030 ,
1212 982 1319 1021 inter
1362 994 1493 1034 geom.
1541 981 1640 1021 seti-

746 1047 893 1075 cornes
920 1035 1060 1076 altera.

380 1142 558 1187 'Ditariffi
587 1152 683 1197 419.
714 1140 761 1182 P.
794 1145 845 1182 G.
879 1143 959 1194 (la
999 1143 1112 1183 riche
1138 1143 1157 1192 )
1204 1144 1487 1196 penstinicornis
1507 1175 1519 1194 ,
1564 1146 1636 1186 alis

743 1197 940 1236 viridibus
974 1197 1173 1251 angulatis
1192 1227 1204 1246 ,
1235 1198 1400 1239 maculis
1429 1201 1637 1253 margina—

745 1251 848 1292 libus
875 1249 1129 1307 ferrugineis.

690 1305 794 1347 Hah.
838 1307 1056 1361 Hamburgi
1116 1305 1172 1348 D.
1218 1306 1371 1361 schulz.
1426 1312 1472 1350 In
1513 1309 1635 1363 sylvis

744 1363 1084 1420 Lugdunensibus.

685 1417 804 1469 Dese.
838 1417 894 1458 D.
924 1418 1020 1459 Fab.
1048 1418 1181 1472 diagn.
1212 1420 1435 1469 convenit,
1461 1419 1528 1460 sed
1551 1433 1635 1461 non

744 1473 975 1527 descriptio.
1026 1475 1167 1513 Media
1214 1472 1298 1513 fere
1341 1476 1485 1516 minor.
1538 1477 1633 1515 Alae

660 1533 662 1535 ’
740 1545 875 1569 omnes
915 1531 1120 1577 dentatae,
1168 1529 1353 1568 dentibus
1395 1529 1634 1584 ferrugineis

743 1583 932 1637 nullaque
983 1583 1137 1624 macula
1186 1595 1328 1638 magna
1376 1586 1425 1624 ad
1481 1586 1633 1638 apicem

743 1642 935 1695 marginis
975 1640 1187 1680 tenuioris.
1223 1641 1381 1680 Caetera
1415 1649 1458 1680 ut
1500 1642 1541 1680 in
1575 1641 1632 1682 D.

738 1695 834 1736 Fab.
881 1695 1163 1748 descriptione.
1219 1698 1383 1734 Nomen
1418 1697 1456 1736 &
1492 1696 1628 1750 diagn.

739 1751 997 1792 conservavi.
1037 1753 1104 1790 An
1136 1749 1286 1801 speeies
1315 1750 1502 1790 diversa?

684 1803 800 1855 Dese.
842 1806 1044 1845 Anterznae
1088 1805 1323 1857 pectinatae‚
1360 1806 1531 1846 cinereae
1565 1819 1631 1846 ra-

741 1861 807 1900 chi
837 1861 941 1900 alba.
975 1858 1071 1898 Alae
1105 1860 1253 1914 >arzticae
1286 1861 1434 1899 virides
1455 1891 1467 1909 ‚
1502 1861 1629 1914 strigis

739 1915 933 1956 obsoletis
965 1915 1063 1954 albis
1096 1915 1133 1956 &
1164 1915 1318 1954 macula
1357 1928 1498 1969 magna
1541 1915 1630 1955 fer-

736 1972 904 2025 ruginea
936 1971 986 2010 ad
1013 1972 1166 2022 apicem
1194 1971 1381 2023 marginis
1413 1972 1627 2012 tenuioris.

739 2027 898 2077 Posticae
946 2027 1174 2065 rotundatae
1215 2026 1395 2075 virides,
1448 2027 1627 2079 margine

740 2082 901 2132 albido,
927 2080 1043 2135 striga
1061 2081 1279 2120 tenuiffima
1306 2084 1432 2134 nigra.
1462 2081 1627 2120 Macula

737 2150 880 2191 magna
921 2135 1148 2190 ferruginea
1187 2137 1240 2175 ad
1278 2136 1464 2190 angulum
1495 2137 1626 2177 ani&

741 2193 867 2232 altera
898 2194 947 2232 ad
987 2194 1138 2245 apicem
1183 2193 1370 2245 marginis
1415 2192 1624 2231 tenuioris.

737 2248 887 2288 Suhtus
923 2261 1061 2288 omnes
1100 2246 1271 2301 pallidae.
1312 2246 1406 2287 Fab.
1445 2245 1624 2297 Mantzffi

731 2319 776 2356 p.
813 2302 907 2359 386.

381 2415 552 2460 uicaria.
581 2425 679 2470 420.
706 2415 755 2459 P.
782 2415 834 2457 G.
867 2417 886 2468 (
911 2416 963 2459 du
988 2414 1117 2457 chene
1140 2415 1267 2467 vert)
1295 2412 1366 2454 alis
1393 2409 1619 2468 angulatis3
