1722 2815
354 86 430 144 368
486 93 729 133 INSECTA
758 95 1318 138 LEPIDOPTERA.Phal.
1336 102 1477 142 Geom.

684 201 774 251 ohfi
794 204 890 296 ¹{rlztxec
907 205 986 246 alas
1003 220 1086 247 non
1104 209 1261 262 penitus
1280 211 1468 262 expandit
1480 239 1492 256 ‚
1506 209 1613 250 lente

736 270 790 297 vo
810 270 829 296 a
854 288 863 298 .

351 367 571 409 Murinata.
588 365 677 417 581.
706 368 751 406 P.
782 369 831 407 G.
864 368 935 420 <la
946 369 1102 422 souris)
1123 373 1353 421 sericornis,
1369 374 1439 414 alis
1454 374 1615 414 murinis

734 422 878 474 absque
902 424 1067 464 maculis
1090 426 1304 481 fasciisque.

673 476 776 518 Hah.
803 479 842 518 in
874 481 1048 532 Europa.
1081 484 1126 521 In
1155 484 1284 523 Gallia
1311 484 1423 524 Aust.
1449 486 1503 524 V.

676 532 845 629 Defljscis
859 533 1079 575 Seticornis
1111 567 1125 586 ,
1185 538 1381 591 pulcheila
1411 570 1425 589 ‚
1489 539 1617 579 oculis

678 641 769 705 Ohst
790 618 944 742 Minoxrs.
963 643 1192 698 Aliquoties
1217 646 1346 688 fasciae
1374 648 1485 689 lente
1504 648 1611 690 cons-

705 748 710 756 ·
731 712 872 751 picuae.
946 730 955 740 .

347 808 550 852 Rivulata.
579 806 669 861 582.
701 810 746 848 P.
777 810 827 849 G.
861 812 878 861 (
904 809 1242 863 l'entrecoupe‘e)
1277 811 1390 861 alba,
1427 814 1498 853 alis
1538 826 1616 853 an-

726 864 819 904 ticis
847 865 986 905 rivulis
1013 865 1250 919 ferrugineis
1270 897 1283 916 ‚
1314 868 1472 920 posticis
1499 867 1618 909 fascia

725 918 928 973 strigisque
972 921 1121 960 duabus
1176 922 1404 962 transversis
1454 922 1571 963 fuscis
1600 950 1615 969 ,

727 975 910 1015 omnibus
935 974 1052 1029 striga
1075 975 1282 1029 marginali
1312 979 1500 1030 utrinque
1528 977 1616 1017 fer-

728 1031 908 1083 ruginea.

675 1082 775 1124 Hah.
809 1084 969 1136 copiosa
1012 1086 1053 1124 in
1080 1085 1295 1125 Carnioliae
1328 1087 1452 1138 pratis
1472 1117 1484 1136 ‚
1530 1087 1615 1140 post

727 1140 893 1190 primum
924 1137 1183 1177 foenisecium.

673 1192 787 1241 Dese.
822 1192 990 1231 Habitus
1013 1193 1199 1244 pyralis,
1232 1192 1297 1232 sed
1338 1193 1409 1233 alae
1443 1193 1616 1236 sedentis

727 1246 908 1299 expansae
939 1258 1180 1298 geometram
1215 1247 1408 1288 indicant.
1444 1249 1615 1289 Alarum

718 1303 935 1354 primorum
969 1302 1089 1342 rivuli
1124 1304 1179 1342 ita
1206 1302 1294 1342 sunt
1316 1303 1544 1354 constituti,
1570 1314 1617 1344 ut

724 1367 807 1397 tres
849 1357 955 1397 albas
1001 1357 1144 1397 insulas
1177 1359 1217 1396 in
1251 1358 1358 1399 disco
1401 1359 1615 1409 efficiant;

724 1412 865 1452 harum
908 1414 1050 1466 pagina
1103 1411 1269 1452 inferior
1334 1416 1444 1454 rivos
1486 1414 1618 1455 fuscos

724 1469 830 1522 gerit
850 1498 863 1517 ,
888 1477 955 1507 aut
977 1497 989 1517 ‚
1019 1468 1046 1507 fi
1066 1468 1166 1508 velis
1183 1498 1195 1518 ‚
1225 1467 1330 1508 fusca
1351 1469 1403 1509 est
1421 1500 1432 1518 ‚
1453 1470 1617 1509 maculis

725 1534 754 1574 4
794 1524 835 1562 in
874 1522 985 1563 disco
1011 1524 1139 1563 niveis
1161 1554 1172 1572 ‚
1220 1525 1312 1563 ocio
1347 1525 1388 1563 in
1429 1524 1550 1563 limbo
1576 1525 1618 1564 in

722 1592 842 1618 unam
874 1577 1012 1621 seriem
1051 1579 1258 1619 ordinatis.
1302 1579 1395 1617 Αἶα)
1431 1581 1618 1632 poflicae‚·

725 1632 845 1674 fascia
881 1633 990 1673 limbi
1029 1634 1260 1687 plerumque
1299 1634 1449 1687 postico
1490 1634 1616 1674 latere

724 1691 923 1738 dentata,
959 1689 1075 1742 hujus
1107 1689 1222 1730 lineae
1258 1690 1502 1742 nigricantes
1544 1703 1617 1729 re-

722 1746 863 1798 pandae
909 1757 992 1784 non
1038 1745 1240 1798 attingunt
1284 1745 1501 1797 marginem
1541 1743 1615 1783 alae

725 1799 974 1851 oppositum;
1004 1799 1157 1838 macula
1185 1798 1412 1851 ferruginea
1437 1799 1618 1850 imposita

725 1853 843 1892 lineae
872 1852 1029 1904 posticae
1048 1883 1060 1902 ‚
1089 1855 1130 1892 in
1163 1855 1294 1893 medio
1336 1852 1422 1892 alae.
1461 1852 1611 1903 Corpus

723 1907 868 1946 album.
890 1907 1091 1946 Antennae
1117 1907 1298 1949 setaceae.
1325 1908 1451 1946 Pedes
1474 1907 1615 1960 postici

727 1961 798 2001 alis
832 1963 1052 2016 longiores.

677 2017 850 2064 Variam,
881 2019 952 2057 alis
979 2018 1160 2058 omnibus
1181 2020 1299 2059 etiam
1324 2017 1459 2057 subtus
1488 2016 1585 2056 albis
1604 2046 1619 2064 ,

725 2073 824 2112 rivis
843 2072 1164 2124 obscurioribus,
1198 2073 1344 2126 alisque
1372 2071 1515 2124 absque
1531 2083 1617 2112 ma-

729 2127 819 2168 cula
844 2126 1086 2181 ferruginea.

343 2243 555 2285 Litterata.
581 2238 671 2294 583.
702 2240 749 2279 P.
779 2239 830 2278 G.
863 2242 880 2289 (
918 2238 1148 2292 l'imprimee
1187 2240 1205 2289 )
1254 2240 1464 2280 seticornis
1486 2269 1499 2288 ,
1543 2237 1616 2278 alis

726 2294 902 2338 cervinis
925 2325 936 2342 ‚
966 2297 1107 2335 anticis
1137 2294 1243 2335 linea
1274 2293 1493 2334 transversa
1524 2292 1616 2345 pos-

726 2349 838 2402 tica,
884 2349 960 2392 alia
1013 2351 1175 2404 antica,
1225 2349 1361 2404 hisque
1406 2347 1614 2400 interjefia

1405 2404 1539 2444 littera
1572 2401 1615 2448 ἶ(
