1722 2815
312 174 398 232 xiv
630 177 1268 240 PRAEFATIO.

371 258 587 326 Spiritus
605 258 664 319 fit
685 266 850 321 clarus
880 287 976 321 nec
1003 265 1467 330 rectificatissimus,
1503 288 1577 326 nc*

309 360 478 412 partes
511 343 815 402 inseclorum
855 348 1020 404 rodat.

376 463 589 517 Nomen
641 462 932 530 genericum
982 464 1037 519 &
1085 462 1369 530 specificum
1425 459 1571 517 vitris

310 545 719 612 adglutinandum
739 581 753 605 ‚
787 543 1006 610 ideoque
1032 543 1236 598 unicum
1255 542 1493 599 iniec-lum
1518 542 1572 598 in

305 628 505 695 fingulis
541 626 704 684 vitriS.

372 739 571 796 Ultima
617 742 720 796 haec
763 739 846 794 D.
887 733 1017 792 Fab.
1063 736 1352 793 observatio
1401 739 1570 805 magni

306 825 553 881 momenti
588 824 828 888 videtur;
865 820 1054 888 species
1093 819 1232 873 enim
1274 819 1477 875 diversae
1517 822 1572 876 in

305 909 500 975 capsula
538 909 719 964 eadem
758 908 928 963 clausae
959 907 1135 962 oculos
1173 905 1418 973 fatigant3
1451 905 1571 973 quid

306 993 344 1047 fi
379 992 567 1059 species
617 991 817 1060 generis
863 993 1010 1049 unius
1050 1015 1166 1051 cum
1217 994 1326 1050 aliis
1371 991 1574 1060 generis

307 1075 569 1142 speciebus
605 1076 927 1132 offeruntur?
962 1079 1181 1144 Larvae‚
1219 1095 1327 1144 quae
1361 1074 1413 1130 in
1450 1074 1576 1128 Mu-

307 1161 411 1217 saeis
457 1160 612 1216 hodie
657 1182 762 1217 non
799 1183 918 1218 raro
965 1179 1240 1219 occurrunt
1279 1206 1294 1228 ‚
1347 1182 1484 1217 nova
1520 1165 1571 1214 δε

305 1244 559 1301 fastidiosa
603 1246 849 1301 methodo
894 1249 1130 1301 ulceratae
1163 1287 1180 1307 ,
1239 1245 1369 1300 ultra
1423 1260 1570 1298 natu-

305 1350 414 1385 ram
471 1330 681 1384 extenfae
716 1370 730 1392 ,
799 1327 970 1395 faepius
1031 1328 1394 1382 decolorantur
1441 1325 1573 1380 sern-

305 1435 493 1482 perque
544 1416 893 1469 deformantur
932 1433 948 1478 3
998 1411 1372 1478 Entomologiae
1423 1409 1575 1477 igitur

305 1497 581 1564 progreffui
600 1519 702 1553 non
725 1499 858 1551 malo
877 1501 980 1561 jure
1000 1514 1054 1552 ut
1074 1497 1275 1552 inutiles
1293 1496 1576 1563 judicantur

305 1581 576 1646 meliusque
614 1580 855 1635 iconibus
887 1582 1273 1648 cognoscentur.

367 1696 590 1763 Infignes
622 1696 899 1762 specierum
926 1695 1195 1750 varietates
1228 1713 1334 1761 quae
1374 1694 1567 1749 Musaea

305 1801 409 1836 non
455 1781 651 1848 ingrate
692 1794 875 1833 ornant
910 1816 919 1836 ‚
975 1798 1091 1832 cum
1125 1799 1152 1832 a
1186 1777 1565 1844 congeneribus

300 1885 406 1920 non
452 1865 736 1930 separantur
769 1904 782 1925 ,
835 1860 1067 1916 iconibus
1122 1860 1334 1916 infauste
1381 1863 1561 1929 depin-

300 1966 499 2017 guntur.
553 1943 732 2009 Stipite
777 1943 913 2000 enim
967 1945 1174 2011 cognito
1204 1987 1219 2011 ‚
1265 1945 1565 2011 descriptio„

300 2031 450 2086 nibus
511 2029 783 2085 varietates
843 2028 1145 2084 sufficienter
1214 2029 1563 2089 dilucidantur.

300 2117 417 2169 Hac
447 2114 937 2170 luxuriosa'iconum
985 2116 1396 2182 multiplicatione
1437 2138 1565 2184 opus

299 2197 753 2263 Entomologicum
790 2202 1125 2269 sumptuosum
1161 2201 1330 2255 evadit
1365 2202 1415 2255 in
1451 2223 1561 2256 ma«

299 2283 484 2347 npusque
553 2283 908 2352 plerorumque
969 2303 1205 2351 tyronum
1270 2286 1562 2342 difficillime

301 2362 591 2430 descendit3
631 2384 775 2433 pater
811 2368 946 2423 euim
969 2389 1151 2425 eorum
1187 2370 1348 2426 rarius
1383 2370 1561 2427 crevit.
