1722 2815
299 129 384 184 446
437 131 678 173 hisne-m
706 132 1133 178 [mmor-rimis.
1151 134 1264 179 Phal.
1282 133 1456 192 Pyraliss

624 241 727 281 Hah.
757 242 795 280 in
825 244 998 297 Europa.

624 294 741 344 Defi.
780 296 892 336 Oculi
927 299 1109 341 brunnei.
1132 302 1228 342 Alae
1263 304 1405 354 antica?
1425 301 1562 344 subm&

674 351 795 390 etiam
822 353 934 405 apice
959 356 1197 409 maculisque
1231 359 1333 398 binis
1364 359 1562 411 margin&

674 404 776 445 libus
793 404 1045 460 ferrugineis,
1064 409 1218 461 Posticae
1236 414 1413 467 margine
1429 413 1561 452 utrin-

674 473 752 512 que
788 463 941 515 punffis
976 461 1229 518 ferrugineis.

289 568 615 612 Sericealis.812.
646 570 692 610 P.
723 572 768 610 P.
801 573 819 623 (
840 571 877 612 la
897 571 1094 626 soyeuse)
1119 583 1206 615 tota
1238 575 1306 617 sub
1332 576 1437 617 ossea
1454 608 1466 626 ‚
1489 577 1557 618 secl

670 625 786 666 serici
825 628 866 666 in
904 630 1065 668 modum
1104 630 1266 679 nitens,
1308 632 1379 671 alis
1412 633 1557 672 anticis

670 681 824 721 macula
855 682 1035 723 obsoleta
1062 682 1319 724 fuscescente.

615 736 713 776 Hah.
745 737 783 775 in
816 739 990 790 Europa.
1020 741 1065 778 In
1093 739 1252 780 Breffia.
1277 742 1329 780 V.

618 791 732 840 Desc.
769 792 882 831 Oculi
909 793 1020 833 fusci.

615 845 706 896 obs.
747 849 791 886 In
823 848 964 888 nostris
1001 849 1154 890 macula
1191 849 1423 891 oblitterata
1452 852 1553 892 adeo

667 910 712 940 ut
730 903 805 940 ala>
826 905 991 943 omnino
1012 904 1086 943 sint
1107 905 1349 945 concolores
1365 905 1394 944 s.
1418 906 1554 945 nitidae

665 957 765 996 albae
798 966 843 996 ut
877 958 1011 998 bomb.
1047 958 1188 999 salicis.
1219 962 1287 999 An
1314 960 1437 1013 ejusd.
1474 973 1553 1000 va·-

667 1014 790 1052 xietas
810 1016 827 1052 ἒ

309 1122 477 1163 Ruralis.
512 1120 605 1176 813.
636 1124 682 1161 P.
715 1123 759 1161 P.
793 1122 872 1171 (Ia
915 1123 1154 1175 paysanne)
1194 1122 1265 1161 alis
1309 1123 1506 1174 paleaceis
1535 1153 1551 1173 ‚

666 1176 792 1228 strigis
813 1176 1062 1226 transversis,
1081 1176 1281 1215 undulatis
1297 1206 1310 1225 ,
1332 1176 1552 1225 obsoletis,

668 1229 798 1269 fuscis.

607 1284 710 1325 Hah.
755 1285 793 1323 in
834 1288 1008 1338 Europa.
1051 1286 1169 1326 Circa
1202 1286 1438 1339 Lugdunum
1465 1300 1549 1328 non

662 1352 762 1379 rara.
792 1342 846 1381 V.

607 1395 826 1445 Des‘c.“Alae
839 1396 979 1434 anticae
991 1395 1102 1448 supra
1115 1395 1239 1449 strigis
1251 1395 1376 1435 tribus
1389 1426 1400 1445 ,
1413 1396 1548 1436 subtus

660 1450 782 1489 limbo
800 1450 1057 1505 fuscescente.
1082 1451 1238 1501 Poflz'cae
1256 1451 1414 1502 utrique
1430 1451 1546 1506 striga

659 1519 736 1544 una
774 1506 811 1546 δε
852 1504 966 1544 fascia
1015 1505 1124 1545 limbi
1174 1505 1366 1546 obsoletis
1414 1505 1546 1546 fuscis.

662 1561 775 1599 Oculi
812 1561 993 1599 brunnei.
1033 1560 1181 1611 Corpus
1225 1561 1296 1600 alis
1334 1561 1545 1601 concolor.

658 1616 785 1654 Pedes
821 1615 954 1655 albidi.
989 1617 1131 1656 Variat
1167 1616 1292 1669 strigis
1332 1614 1544 1656 manifestis

659 1671 922 1723 dentatisque.

605 1725 693 1775 offas.
715 1727 954 1780 Magnitudo
973 1724 1167 1777 faciesque
1197 1724 1302 1778 phal.
1326 1726 1542 1764 nemoralis

659 1782 714 1820 D.
747 1781 843 1820 Fal).
876 1781 913 1820 &
942 1793 1021 1820 non
1054 1781 1133 1820 sine
1175 1781 1260 1832 jure
1298 1793 1371 1832 pro
1404 1782 1540 1819 eadem

653 1836 884 1875 haberetur.
914 1836 1100 1875 Punclum
1134 1834 1239 1874 deest
1274 1836 1313 1873 in
1341 1834 1410 1873 alis
1433 1834 1543 1887 supe—

656 1892 859 1940 rioribus,
904 1890 969 1929 sed
1002 1890 1153 1928 macula
1188 1889 1367 1929 obsoleta
1412 1888 1539 1943 strigis

655 1946 865 1985 concolor.
894 1945 1040 1984 Subtus
1073 1944 1145 1983 alae
1176 1944 1404 1985 lucidiores.
1429 1947 1482 1984 V.

272 2061 474 2103 Trivialis.
506 2057 600 2110 814.
633 2057 677 2096 P.
709 2058 752 2095 P.
787 2056 866 2106 (la
914 2054 1074 2094 triviale
1108 2056 1125 2104 )
1180 2054 1251 2094 alis
1307 2053 1538 2106 paleaceis,

400 2124 405 2130 ·
653 2112 796 2152 :inticis
814 2111 927 2163 supra
956 2109 1073 2149 fascia
1110 2109 1223 2148 lineis
1244 2109 1369 2148 tribus
1396 2109 1538 2149 obscu-

653 2167 824 2206 rioribus
865 2165 1079 2218 compolita
1101 2195 1112 2213 ‚
1151 2164 1199 2203 ab
1236 2165 1308 2203 alae
1344 2163 1538 2204 inferiore

654 2232 746 2260 nata
779 2223 815 2261 ὃ(
845 2222 883 2259 in
924 2221 1073 2273 apicem
1103 2219 1316 2259 desinente.

599 2276 699 2318 Hah.
733 2278 767 2315 in
801 2279 973 2327 Europa.
1013 2278 1055 2314 In
1084 2275 1203 2313 certis
1235 2274 1334 2313 locis
1360 2273 1536 2327 vulgaris

653 2332 769 2371 etiam
802 2333 839 2370 in
869 2331 1010 2369 hortis.
1038 2333 1081 2369 Iu
1100 2329 1239 2369 Galliae
1257 2330 1405 2383 pratis,
1429 2331 1533 2370 circa

654 2389 887 2440 Lugdunum
915 2398 997 2425 non
1026 2396 1128 2424 rara.
1152 2387 1205 2427 V.
