1722 2815
212 149 452 205 Insac‘m
482 162 907 202 LEPIDOPTERA.
923 158 1037 202 Phal.
1053 160 1194 202 Geom.
1254 165 1332 216 303

455 271 778 325 margaritaceis‚
820 271 944 326 strigis
983 271 1133 312 duabus
1178 269 1296 312 fuscis
1325 299 1338 321 ,

455 328 601 380 puncio
633 327 886 368 intermedio.
912 339 942 367 t.
970 325 1010 367 6.
1035 327 1076 380 Γ.
1103 337 1144 366 2.

400 376 502 423 Hah.
531 382 569 421 in
597 381 703 422 ilice.

402 433 518 488 Defi.
555 438 732 478 Maxima
765 447 833 478 aut
875 437 980 478 inter
1015 436 1212 476 maximas.
1246 434 1343 473 An-

461 503 589 532 tennae
615 491 714 533 albae
742 492 960 534 seticornes
989 493 1028 532 in
1059 491 1191 532 nostro
1214 489 1346 543 speci-

458 548 589 594 mine,
616 547 683 587 sed
711 547 871 589 foemina
890 557 1152 600 antennaeque
1170 546 1344 586 serratae.

459 602 557 643 Alae
575 615 712 643 omnes
732 603 971 644 concolores
985 633 999 652 ‚
1026 602 1320 656 margaritaceae
1333 628 1348 649 ,

459 657 586 711 strigis
627 658 777 698 duabus
809 658 926 698 fuscis
965 657 1100 697 versus
1130 656 1348 708 marginem

460 713 696 752 interiorem
742 712 1081 765 convergentibus
1122 711 1348 763 punCRoque

452 767 703 806 'intermedio
731 768 802 806 vix
834 766 1064 817 conspicuo.
1095 765 1245 805 Subtus
1286 766 1352 804 ci-

461 831 609 860 nereae.
661 820 792 873 Striga
843 820 1028 872 punetata
1073 820 1113 859 in
1167 819 1352 858 omnibus

463 873 601 913 versus
643 875 860 926 marginem
899 874 1104 926 posticum.
1145 873 1352 912 Abdomen

463 926 599 968 subtus
641 928 759 969 valde
795 928 995 970 villosum.

82 1040 291 1082 Arenaria.
313 1049 408 1092 421.
436 1026 485 1078 P.
515 1039 567 1078 G.
599 1041 616 1090 (
642 1037 849 1081 l’ardoise‘e
876 1040 894 1090 )
936 1040 1008 1080 alis
1046 1040 1176 1080 arefiis
1193 1069 1206 1089 ‚
1236 1039 1352 1080 lineis

466 1093 593 1133 tribus
625 1092 910 1135 lutescentibus
932 1126 944 1145 ,
972 1094 1105 1136 infima
1130 1107 1269 1136 curva.

415 1148 517 1188 Hah.
547 1149 586 1187 in
618 1150 792 1203 Europa.
819 1152 865 1190 In
891 1150 1047 1190 Breffiae
1072 1149 1209 1204 sylvis,

413 1203 532 1254 Dese.
576 1204 718 1243 Minor
743 1206 850 1246 inter
886 1207 1048 1245 medias.
1090 1205 1184 1244 Alae
1220 1214 1358 1245 omnes

469 1258 637 1306 arefiae3
677 1259 868 1310 lineatae,
908 1261 1013 1301 linea
1047 1259 1181 1300 infima
1218 1273 1359 1301 curva.

470 1313 620 1352 Subtus
655 1326 794 1355 omnes
819 1316 893 1356 alae
919 1314 1196 1356 fuscescentes.
1225 1315 1358 1365 Supe-

471 1369 595 1408 riores
628 1369 804 1420 obtusae,
833 1370 1046 1425 angulatae.

417 1421 508 1472 Obf.
553 1422 754 1464 Antennae
796 1425 952 1467 desunt.
990 1427 1057 1466 An
1088 1426 1194 1466 inter
1225 1438 1357 1480 geom.

474 1478 690 1530 pestinatas
709 1508 723 1528 ,
757 1492 808 1520 an
837 1482 943 1522 inter
974 1482 1228 1522 seticornes?

94 1588 430 1641 straminea-422.
462 1588 508 1627 P.
540 1587 590 1627 G.
622 1590 640 1639 (
665 1587 702 1628 la
718 1588 932 1641 paillette)
954 1590 1233 1643 pefflnicornis
1249 1620 1261 1639 ‚
1291 1589 1363 1631 alis

94 1675 98 1677 a
121 1646 196 1687 522,
471 1642 599 1695 planis
617 1672 631 1689 ,
648 1643 791 1695 pallide
809 1644 1024 1685 stramineis
1043 1674 1055 1694 ‚
1081 1644 1199 1686 fascia
1214 1645 1365 1685 satura-

476 1698 583 1736 tiore
598 1726 610 1745 ‚
630 1697 885 1739 inferioribus
904 1700 1116 1753 angulatis.
1143 1700 1250 1752 Retz.
1267 1699 1367 1741 86.-

476 1751 540 1789 De
577 1751 677 1790 Geer
704 1763 802 1793 torn.
829 1765 868 1792 2.
899 1769 943 1804 p.
973 1753 1069 1806 360.
1106 1765 1137 1794 t.
1158 1754 1197 1794 6.
1227 1757 1267 1809 Γ.
1295 1755 1336 1796 6.

423 1804 522 1845 Hah.
553 1805 593 1843 in
627 1808 800 1859 Europa.
847 1808 994 1848 Rarior
1042 1809 1084 1847 in
1116 1808 1177 1848 his
1224 1811 1367 1862 regio-

483 1860 613 1900 nibus.
640 1861 694 1902 V.

424 1915 539 1966 Desc.
583 1919 693 1957 Inter
735 1919 884 1958 medias
923 1918 1064 1972 major.
1107 1916 1202 1956 Alae
1227 1931 1367 1960 omnes

484 1971 920 2014 lutescentes-albidae
942 2004 955 2023 ,
1001 1972 1119 2013 fascia
1163 1972 1370 2014 straminea

483 2026 598 2079 supra
623 2027 804 2080 infraque
830 2029 922 2069 albo
953 2029 1187 2083 marginata.
1210 2028 1370 2068 Anten-

483 2096 624 2122 narum
661 2082 766 2123 costa
803 2083 921 2134 alba,
952 2086 1052 2124 radii
1079 2081 1190 2124 fusci.
1220 2083 1368 2125 Subtus

485 2145 531 2176 ut
564 2137 605 2177 in
639 2139 784 2192 pagina
817 2139 1024 2193 superiori.
1050 2141 1104 2181 V.

102 2247 311 2303 Margina-
326 2257 420 2302 423.
451 2248 498 2289 Ρ.
526 2249 579 2290 G.
612 2251 630 2301 (
657 2248 695 2289 la
720 2251 957 2305 marginee)
983 2250 1054 2291 alis
1085 2249 1369 2293 lutescentibus

96 2307 101 2318 ⁵
133 2304 205 2344 ria.
487 2305 713 2358 angularis,
745 2307 795 2345 ad
821 2306 926 2348 basm
955 2307 1090 2346 littera
1117 2310 1162 2343 P*
1190 2307 1369 2357 notatis,

485 2361 663 2466 mar6ginse
719 2360 871 2413 postico
916 2361 998 2404 late
1042 2360 1364 2416 purpurascente„

489 2424 517 2452 t.
583 2443 591 2453 .
656 2425 737 2466 .3.
