1722 2815
412 97 490 150 510
544 100 787 141 INSECTA
821 101 1547 150 LErxnoPTERAAEhaLTineae:

783 209 941 272 Iffosticae
969 209 1082 264 supra
1105 213 1270 255 obscure
1292 215 1486 257 violaceae
1501 246 1513 266 ‚
1535 215 1671 256 subtus

786 263 910 304 limbo
942 269 1248 310 aurato-viridi.
1280 271 1407 311 Sexus
1446 272 1550 310 alter
1591 285 1671 310 an—

786 320 921 359 tennis
943 318 1028 360 fere
1055 323 1274 365 uncialibus
1291 355 1304 375 ,
1335 326 1473 365 albidis
1493 357 1505 376 ‚
1521 325 1670 376 pedore

783 373 970 416 barbato.
1010 376 1101 416 Alae
1135 378 1269 420 subtus
1301 380 1568 421 obscuriore&

402 483 617 527 Barbatel-
640 483 734 540 998.
765 487 812 527 P.
841 487 893 525 Τ.
926 487 944 537 (
964 485 1002 525 la
1023 485 1206 538 barbue)
1231 488 1301 529 alis
1327 492 1469 531 anticis
1490 490 1639 545 glaucis
1654 520 1668 539 ,

425 541 478 581 la.
782 542 1152 594 aurato-punciatis
1170 571 1183 588 ‚
1208 547 1391 586 antennis
1414 546 1484 586 alis
1509 547 1672 600 longio-

782 595 924 646 ribus,
960 597 1073 649 apice
1107 596 1261 639 albidis.

729 650 833 692 Hah.
885 652 926 691 in
968 651 1138 691 collibus
1187 655 1400 705 gramineis
1450 655 1666 695 Carnioliae

782 707 1022 760 Superioris.
1048 709 1092 746 In
1114 707 1258 748 Gallia.
1282 711 1413 762 Prope
1435 712 1671 764 Lugdunum

784 763 825 802 in
852 761 975 816 sylvis
1009 761 1072 801 De
1112 762 1265 813 Vaffi'eu
1296 775 1424 817 capta.
1454 768 1508 805 V.
1623 799 1649 804 ,,

729 815 847 868 Desit.
877 817 1025 857 Differt
1051 830 1074 857 a
1099 817 1381 858 Reaumurella
1416 819 1531 858 Lz'nn.
1574 831 1673 859 cor-

782 886 882 927 pore
917 874 1181 914 viridi-aeneo
1198 902 1212 921 ‚
1254 872 1390 914 fronte
1424 876 1565 928 nigra,
1601 873 1674 912 alis

784 927 1010 968 antrorsum
1057 931 1181 982 magis
1226 931 1388 970 auratis.
1437 931 1541 969 Huic
1588 941 1673 968 non

774 983 905 1034 pedus
923 1012 937 1031 ,
970 995 1054 1023 non
1071 985 1234 1037 femora
1259 984 1339 1024 ulla
1368 985 1547 1024 barbata.
1577 982 1672 1021 Ala.-

781 1039 902 1078 etiam
928 1037 1062 1090 subtus
1090 1038 1199 1078 nulla
1234 1040 1403 1080 tinctura
1426 1039 1668 1079 rubro—vio-

783 1093 897 1134 lacea
922 1092 1084 1147 fulgidae
1106 1104 1150 1134 ut
1175 1095 1216 1134 in
1242 1097 1393 1147 priore.

400 1203 618 1246 Croesella.
647 1212 740 1258 999.
771 1204 817 1242 P.
846 1203 897 1240 T.
929 1203 947 1252 (
974 1200 1012 1239 la
1049 1200 1230 1250 cresus)
1277 1200 1348 1242 alis
1378 1201 1551 1242 saturare
1583 1203 1678 1242 vio-

781 1256 938 1305 laceis,
977 1255 1120 1295 anticis
1163 1253 1318 1302 fascia,
1349 1255 1426 1296 basi
1478 1257 1515 1297 ὅτ
1562 1258 1677 1310 apice

781 1310 975 1363 lineisque
1010 1310 1368 1364 longitudinalibus
1408 1322 1483 1365 5-7
1514 1312 1643 1353 aureis
1664 1341 1678 1362 ,

786 1366 972 1407 antennis
999 1365 1228 1419 longissimis
1255 1366 1412 1407 albidis.

729 1421 832 1464 Hah.
867 1423 908 1461 in
936 1424 1109 1473 Europa.
1146 1424 1192 1460 In
1224 1434 1431 1476 evonymo
1465 1431 1596 1476 capta.
1630 1425 1677 1462 In

783 1477 950 1518 floribus
982 1476 1122 1516 Galliae
1152 1476 1265 1517 Aust.
1290 1479 1344 1518 V.

725 1533 844 1584 Defh.
873 1531 1160 1572 Pulcherrima.
1201 1530 1297 1571 Ala:
1336 1533 1392 1572 ita
1435 1532 1630 1573 coloratae
1662 1562 1676 1583 ,

779 1602 827 1629 ac
862 1587 890 1627 sl
923 1596 1094 1641 argento
1138 1586 1332 1640 laevigato
1374 1587 1504 1628 sature
1535 1587 1674 1627 viola-

781 1656 878 1684 ceus
901 1642 1017 1684 color
1037 1641 1154 1695 super
1176 1642 1357 1688 induclus
1378 1641 1520 1683 fuiffet.
1542 1642 1678 1682 Fascia

782 1699 855 1740 alae
883 1698 1055 1738 medium
1094 1707 1267 1750 occupat
1285 1728 1298 1747 ‚
1342 1698 1447 1738 linea
1478 1697 1639 1737 limbum
1667 1727 1682 1747 ,

783 1767 950 1807 quarum
978 1753 1118 1793 mediae
1144 1752 1352 1806 longiores
1374 1782 1384 1798 ,
1410 1763 1454 1791 ut
1475 1753 1611 1792 fiflulae
1631 1754 1675 1791 in

781 1822 955 1863 organo.
994 1809 1061 1847 Ad
1095 1807 1200 1847 bafin
1235 1807 1306 1846 alae
1345 1808 1461 1847 lineae
1500 1808 1676 1860 quinque

782 1862 1098 1918 longitudinales
1127 1893 1138 1912 ,
1183 1864 1332 1914 pariter
1387 1875 1531 1902 aureae.
1578 1862 1678 1901 Alce

781 1921 933 1961 eaedem
949 1920 1091 1968 subtus
1115 1917 1235 1957 fascia
1263 1930 1383 1957 aurea
1400 1946 1413 1964 ‚
1445 1917 1511 1957 sed
1532 1917 1678 1969 absque

783 1975 915 2014 lineis.
972 1972 1146 2013 Dorsum
1200 1983 1363 2012 aureum
1392 2003 1405 2022 ‚
1459 1973 1678 2024 praesertim

784 2029 942 2069 anticae.
997 2026 1125 2078 Caput
1168 2026 1264 2066 rufis
1307 2027 1396 2080 pilis
1442 2026 1674 2079 pubescens.

780 2083 985 2123 Antennae
1024 2081 1095 2123 lin.
1133 2080 1158 2121 6
1191 2103 1208 2124 ε
1233 2082 1592 2135 longae.Croeseas
1616 2080 1675 2122 os-

780 2148 913 2179 tentat
937 2150 1035 2190 opes
1068 2150 1296 2189 vanumque
1321 2139 1509 2178 nitorem.

730 2194 819 2246 obst
849 2192 923 2232 Nil
952 2193 992 2232 in
1027 2202 1168 2232 natura
1207 2192 1283 2233 hac
1315 2194 1423 2232 tinea
1459 2192 1672 2245 pulchrius

783 2249 897 2290 novi.
920 2250 1059 2288 Unum·
1077 2257 1231 2287 tantum
1249 2247 1448 2299 specimen
1469 2249 1511 2287 in
1536 2247 1676 2287 nostro

779 2303 924 2346 musaeo
962 2304 1003 2342 in
1040 2302 1171 2342 Gallia
1209 2302 1455 2357 Australiore
1496 2313 1672 2355 captum.

783 2362 892 2404 Inter
905 2358 1082 2401 minores
1099 2358 1394 2399 adnumeranda
1428 2357 1516 2399 haec
1548 2359 1672 2400 tinea.
