1722 2815
257 168 499 211 lasne-m
525 158 1260 216 LEP1nomenA.Pap.Pleb.R.
1333 159 1392 214 ⁶7

499 274 641 315 lateris
673 273 888 328 superioris
913 271 1054 312 colore
1089 275 1153 324 qui
1187 285 1270 313 non
1290 301 1304 322 ‚
1345 278 1395 310 ut

496 331 539 370 in
570 328 641 370 illo
662 359 675 380 ,
707 329 898 369 caeruleus
917 357 930 376 ‚
961 326 1028 367 sed
1055 329 1219 367 omnino
1249 327 1395 380 nigro-

501 383 646 424 fuscus.
682 383 777 423 Alae
805 383 1050 433 secundaria·
1090 381 1237 434 postice
1267 385 1390 432 supra

502 438 625 479 fascia
665 438 849 479 obsoleta
891 451 942 478 ex
985 436 1126 477 ocellis
1159 435 1397 488 ferrugineis

501 494 653 548 pupilla
687 495 814 547 nigra.
841 491 991 532 Subtus
1013 504 1150 531 omnes
1167 490 1237 530 alae
1255 490 1400 529 ssmiles

504 550 638 596 mari,
682 547 749 588 sed
782 547 1010 601 pallidiores
1044 548 1081 587 ὃ(
1114 544 1230 585 fascia
1269 544 1401 583 albida

507 612 602 644 ante
622 602 808 655 posticam
827 599 952 642 rufam
969 615 1020 641 ex
1036 600 1177 641 ocellis
1203 598 1401 640 caeruleo-

504 659 720 712 argenteis.
756 654 882 695 Faun.
919 664 1026 708 1074
1054 658 1086 695 δ’
1122 662 1241 707 1075.

453 711 544 762 Obfi
575 715 670 764 Pap.
711 723 835 760 argus
871 711 910 750 δι
935 710 1023 748 idas
1059 709 1147 748 sunt
1176 718 1287 749 certe
1316 720 1401 748 mas

505 767 544 807 &
574 764 750 804 foemina.
797 765 862 803 De
907 763 987 805 hoc
1030 776 1168 803 omnes
1197 765 1401 804 Entomo-

502 817 588 872 logi
614 817 899 868 consentiunt3
930 818 998 857 sed
1026 818 1110 857 idas
1142 820 1246 870 apud
1277 817 1400 857 Linn.

501 871 561 913 D.
583 872 669 924 Esp.
689 873 766 913 &c.
802 871 856 913 est
884 872 1070 923 foemina3
1098 881 1242 912 contra
1271 872 1403 911 recla—
1453 921 1455 923 Ι

504 937 615 968 mant
643 927 767 980 aliqui
803 927 842 968 ὅ(
880 927 939 968 D.
969 928 1016 966 de
1054 926 1155 966 Geer
1190 927 1403 966 invocant.

506 984 702 1023 Attamen
741 995 793 1022 ex
821 983 882 1022 his
917 982 1086 1022 verbis:
1129 979 1211 1020 J’ai
1235 982 1404 1031 sbuvent

505 1040 645 1078 τνοιινέ
691 1052 754 1076 ces
795 1037 999 1090 papillons
1041 1036 1150 1076 bleus
1199 1036 1407 1087 accouple's

504 1108 600 1132 avec
622 1094 690 1132 des
702 1093 904 1144 papillons
919 1093 985 1147 qui
1003 1091 1223 1146 diff'e‘roient
1254 1091 1374 1131 d'eux
1390 1121 1407 1140 ‚

501 1162 549 1187 etz
579 1162 619 1186 ce
649 1162 721 1202 que
751 1149 786 1187 le
816 1149 938 1198 deffits
966 1148 1012 1186 de
1041 1149 1148 1187 leurs
1174 1146 1276 1185 ailes
1303 1145 1405 1185 έτοίε

507 1204 634 1250 brun,
667 1202 749 1243 sola
783 1203 896 1244 sexus
923 1204 1100 1242 varietas
1127 1201 1405 1242 confirmatur.

509 1258 674 1310 Insuper
716 1270 798 1298 mas
838 1258 1074 1298 insedfflrum
1110 1256 1272 1297 foemina
1309 1255 1408 1308 pul-

509 1313 658 1353 chrius.
686 1316 801 1353 Nota
833 1312 1016 1365 specifica
1050 1314 1092 1353 in
1128 1311 1281 1364 punffis
1321 1324 1403 1363 pu·-

509 1367 614 1420 pillis
652 1368 1078 1421 caeruleo-—argentatis
1107 1368 1146 1407 δε
1170 1366 1322 1419 Ριιτιξὶὶε
1361 1367 1406 1405 in

512 1421 671 1463 fasciam
701 1423 872 1477 digestis.
908 1424 988 1465 V..

130 1530 335 1588 Argiolus.
361 1541 453 1571 121.
482 1531 529 1570 P.
561 1532 612 1569 R.
645 1531 904 1584 (Argiolus)
934 1531 1006 1572 alis
1032 1531 1265 1580 ecaudaffis,
1293 1530 1409 1583 supra

514 1584 696 1625 caeruleis
729 1588 907 1640 margine
936 1587 1061 1639 nigris
1080 1617 1092 1636 ,
1119 1587 1252 1626 subtus
1279 1598 1409 1624 caeru-

511 1639 751 1679 lescentibus
779 1642 932 1693 punstis
962 1642 1087 1695 nigris
1119 1640 1312 1694 dispersis.
1345 1642 1369 1686 ’ἦ

459 1693 559 1745 Raj.
591 1695 664 1742 infi
700 1704 793 1746 132.
824 1710 865 1734 η.
895 1693 958 1734 16.

460 1748 564 1789 Rob.
599 1748 699 1788 icon.
727 1760 756 1787 τ.
779 1758 846 1801 30.

466 1802 590 1843 Gron.
617 1802 746 1855 ζοορΙι.
779 1802 876 1856 814.

458 1858 550 1910 ΕΗ).
579 1869 611 1898 t.
637 1868 704 1899 21.
727 1859 768 1913 f.
798 1869 836 1900 1.
867 1873 908 1900 a.
935 1872 1022 1899 mas
1045 1859 1087 1913 f.
1108 1868 1144 1900 1.
1172 1858 1413 1912 b.faemina.'

462 1912 587 1968 Geoffi
617 1923 684 1967 31.

457 1970 523 2011 De
547 1968 648 2009 Geer
672 1981 769 2009 tom.
803 1979 840 2010 1.
863 1985 907 2021 p.
927 1966 1022 2011 288.
1055 1979 1088 2010 t.
1115 1979 1157 2023 4.
1182 1970 1222 2024 f.
1242 1978 1383 2023 9.-15.

457 2023 586 2065 Faun.
617 2024 750 2066 Fridr.
773 2033 872 2079 337.

462 2079 559 2120 Fab.
595 2087 682 2128 551.

460 2135 577 2186 Scop.
609 2133 705 2187 178.

460 2190 593 2231 Petiv.
610 2206 671 2241 op.
701 2203 731 2231 t.
750 2201 790 2232 2.
810 2204 906 2244 pap.
924 2191 1070 2232 britan.
1090 2202 1121 2232 t.
1139 2190 1177 2233 6.
1201 2191 1242 2246 f.
1263 2201 1329 2233 11.
1345 2197 1415 2233 120'

463 2246 566 2297 Pap.
610 2248 744 2287 d’Eur.
794 2257 825 2288 t.
864 2257 934 2300 42.
968 2249 1008 2303 f.
1041 2245 1107 2288 88.

463 2300 586 2341 ΜίίΙΙ.
609 2303 672 2353 sp.
699 2312 795 2355 234.

465 2355 565 2395 Hah.
597 2358 638 2397 in
672 2360 845 2411 Europa.

467 2410 585 2461 Dese.
603 2412 854 2457 Praecedenti
879 2411 1037 2461 similis,
1063 2411 1129 2452 sed
1149 2413 1292 2457 minor.
1316 2411 1409 2453 Ala

1101 2470 1133 2508 E
1162 2467 1191 2522 ij
