<?xml version="1.0" encoding="UTF-8"?>
<!DOCTYPE html PUBLIC "-//W3C//DTD XHTML 1.0 Transitional//EN"
    "http://www.w3.org/TR/xhtml1/DTD/xhtml1-transitional.dtd">
<html xmlns="http://www.w3.org/1999/xhtml" xml:lang="en" lang="en">
 <head>
  <title>
</title>
<meta http-equiv="Content-Type" content="text/html;charset=utf-8" />
  <meta name='ocr-system' content='tesseract 3.04.00' />
  <meta name='ocr-capabilities' content='ocr_page ocr_carea ocr_par ocr_line ocrx_word'/>
</head>
<body>
  <div class='ocr_page' id='page_1' title='image "./carolilinnient02linn/carolilinnient02linn_0505.png"; bbox 0 0 1722 2815; ppageno 0'>
   <div class='ocr_carea' id='block_1_1' title="bbox 320 123 1442 176">
    <p class='ocr_par' dir='ltr' id='par_1_1' title="bbox 320 123 1442 176">
     <span class='ocr_line' id='line_1_1' title="bbox 320 123 1442 176; baseline -0.005 -6"><span class='ocrx_word' id='word_1_1' title='bbox 320 126 573 170; x_wconf 56' lang='lat' dir='ltr'>lusae-rs</span> <span class='ocrx_word' id='word_1_2' title='bbox 589 123 1305 167; x_wconf 68' lang='lat' dir='ltr'>LEP1norrnRA.Phal.Tineae.</span> <span class='ocrx_word' id='word_1_3' title='bbox 1362 123 1442 176; x_wconf 61' lang='lat'>485</span> 
     </span>
    </p>
   </div>
   <div class='ocr_carea' id='block_1_2' title="bbox 512 234 1076 398">
    <p class='ocr_par' dir='ltr' id='par_1_2' title="bbox 512 234 1076 398">
     <span class='ocr_line' id='line_1_2' title="bbox 521 234 1076 290; baseline 0 -14"><span class='ocrx_word' id='word_1_4' title='bbox 521 234 657 276; x_wconf 86' lang='lat' dir='ltr'>Clerck</span> <span class='ocrx_word' id='word_1_5' title='bbox 678 237 790 288; x_wconf 75' lang='lat' dir='ltr'>pbal.</span> <span class='ocrx_word' id='word_1_6' title='bbox 822 246 852 276; x_wconf 82' lang='lat' dir='ltr'>t.</span> <span class='ocrx_word' id='word_1_7' title='bbox 880 247 943 277; x_wconf 85' lang='lat'>12.</span> <span class='ocrx_word' id='word_1_8' title='bbox 968 236 1007 289; x_wconf 78' lang='lat' dir='ltr'>f.</span> <span class='ocrx_word' id='word_1_9' title='bbox 1037 244 1076 290; x_wconf 81' lang='lat'>3.</span> 
     </span>
     <span class='ocr_line' id='line_1_3' title="bbox 513 291 894 345; baseline 0 -14"><span class='ocrx_word' id='word_1_10' title='bbox 513 291 628 341; x_wconf 81' lang='lat' dir='ltr'>Scop.</span> <span class='ocrx_word' id='word_1_11' title='bbox 663 306 771 331; x_wconf 83' lang='lat' dir='ltr'>carn.</span> <span class='ocrx_word' id='word_1_12' title='bbox 800 291 894 345; x_wconf 85' lang='grc'>697.</span> 
     </span>
     <span class='ocr_line' id='line_1_4' title="bbox 512 346 857 398; baseline 0.003 -13"><span class='ocrx_word' id='word_1_13' title='bbox 512 346 652 385; x_wconf 84' lang='lat' dir='ltr'>Uddm.</span> <span class='ocrx_word' id='word_1_14' title='bbox 685 347 764 396; x_wconf 61' lang='lat' dir='ltr'>dcffss</span> <span class='ocrx_word' id='word_1_15' title='bbox 791 346 857 398; x_wconf 84' lang='lat'>78.</span> 
     </span>
    </p>
   </div>
   <div class='ocr_carea' id='block_1_3' title="bbox 512 398 1460 1325">
    <p class='ocr_par' dir='ltr' id='par_1_3' title="bbox 516 398 1313 453">
     <span class='ocr_line' id='line_1_5' title="bbox 516 398 1313 453; baseline 0.001 -15"><span class='ocrx_word' id='word_1_16' title='bbox 516 399 638 453; x_wconf 79' lang='lat' dir='ltr'>Geoffi</span> <span class='ocrx_word' id='word_1_17' title='bbox 662 402 783 451; x_wconf 83' lang='lat' dir='ltr'>paris.</span> <span class='ocrx_word' id='word_1_18' title='bbox 817 412 856 441; x_wconf 84' lang='lat'>2.</span> <span class='ocrx_word' id='word_1_19' title='bbox 890 416 932 451; x_wconf 84' lang='lat' dir='ltr'>p.</span> <span class='ocrx_word' id='word_1_20' title='bbox 956 398 1022 440; x_wconf 82' lang='lat'>28.</span> <span class='ocrx_word' id='word_1_21' title='bbox 1060 410 1091 441; x_wconf 84' lang='lat' dir='ltr'>t.</span> <span class='ocrx_word' id='word_1_22' title='bbox 1121 409 1187 440; x_wconf 85' lang='lat'>12.</span> <span class='ocrx_word' id='word_1_23' title='bbox 1210 399 1250 452; x_wconf 84' lang='lat' dir='ltr'>f.</span> <span class='ocrx_word' id='word_1_24' title='bbox 1279 404 1313 448; x_wconf 83' lang='lat'>5.</span> 
     </span>
    </p>

    <p class='ocr_par' dir='ltr' id='par_1_4' title="bbox 513 454 894 496">
     <span class='ocr_line' id='line_1_6' title="bbox 513 454 894 496; baseline 0 -2"><span class='ocrx_word' id='word_1_25' title='bbox 513 454 613 496; x_wconf 82' lang='lat' dir='ltr'>Fab.</span> <span class='ocrx_word' id='word_1_26' title='bbox 650 455 795 495; x_wconf 87' lang='lat' dir='ltr'>alucita</span> <span class='ocrx_word' id='word_1_27' title='bbox 826 466 894 494; x_wconf 84' lang='lat'>20.</span> 
     </span>
    </p>

    <p class='ocr_par' dir='ltr' id='par_1_5' title="bbox 513 509 1000 562">
     <span class='ocr_line' id='line_1_7' title="bbox 513 509 1000 562; baseline 0.002 -14"><span class='ocrx_word' id='word_1_28' title='bbox 513 509 636 549; x_wconf 82' lang='lat' dir='ltr'>Faun.</span> <span class='ocrx_word' id='word_1_29' title='bbox 671 509 800 549; x_wconf 78' lang='lat' dir='ltr'>Fridr.</span> <span class='ocrx_word' id='word_1_30' title='bbox 841 526 881 550; x_wconf 87' lang='lat' dir='ltr'>n.</span> <span class='ocrx_word' id='word_1_31' title='bbox 906 519 1000 562; x_wconf 88' lang='grc'>497.</span> 
     </span>
    </p>

    <p class='ocr_par' dir='ltr' id='par_1_6' title="bbox 512 563 1456 617">
     <span class='ocr_line' id='line_1_8' title="bbox 512 563 1456 617; baseline 0.003 -15"><span class='ocrx_word' id='word_1_32' title='bbox 512 564 577 603; x_wconf 82' lang='lat' dir='ltr'>De</span> <span class='ocrx_word' id='word_1_33' title='bbox 599 563 698 603; x_wconf 83' lang='lat' dir='ltr'>Geer</span> <span class='ocrx_word' id='word_1_34' title='bbox 727 576 822 604; x_wconf 80' lang='lat' dir='ltr'>tom.</span> <span class='ocrx_word' id='word_1_35' title='bbox 855 575 891 604; x_wconf 91' lang='lat'>1.</span> <span class='ocrx_word' id='word_1_36' title='bbox 918 581 962 615; x_wconf 81' lang='lat' dir='ltr'>p.</span> <span class='ocrx_word' id='word_1_37' title='bbox 985 573 1073 612; x_wconf 73' lang='lat'>541.</span> <span class='ocrx_word' id='word_1_38' title='bbox 1101 575 1131 604; x_wconf 82' lang='lat' dir='ltr'>t.</span> <span class='ocrx_word' id='word_1_39' title='bbox 1150 574 1215 617; x_wconf 84' lang='lat'>32.</span> <span class='ocrx_word' id='word_1_40' title='bbox 1234 563 1275 615; x_wconf 80' lang='lat' dir='ltr'>f.</span> <span class='ocrx_word' id='word_1_41' title='bbox 1297 564 1456 616; x_wconf 75' lang='lat'>13.-25.⁴</span> 
     </span>
    </p>

    <p class='ocr_par' dir='ltr' id='par_1_7' title="bbox 567 618 1454 836">
     <span class='ocr_line' id='line_1_9' title="bbox 655 618 1454 670; baseline 0 -13"><span class='ocrx_word' id='word_1_42' title='bbox 655 630 750 659; x_wconf 81' lang='lat' dir='ltr'>tom.</span> <span class='ocrx_word' id='word_1_43' title='bbox 780 631 820 658; x_wconf 82' lang='lat'>2.</span> <span class='ocrx_word' id='word_1_44' title='bbox 860 636 902 670; x_wconf 84' lang='lat' dir='ltr'>p.</span> <span class='ocrx_word' id='word_1_45' title='bbox 932 618 1027 670; x_wconf 87' lang='lat'>487.</span> <span class='ocrx_word' id='word_1_46' title='bbox 1076 621 1259 658; x_wconf 80' lang='lat' dir='ltr'>antennis</span> <span class='ocrx_word' id='word_1_47' title='bbox 1305 618 1454 658; x_wconf 86' lang='lat' dir='ltr'>filifor-</span> 
     </span>
     <span class='ocr_line' id='line_1_10' title="bbox 567 672 1454 726; baseline -0.003 -12"><span class='ocrx_word' id='word_1_48' title='bbox 567 673 719 723; x_wconf 81' lang='lat' dir='ltr'>mibus‚</span> <span class='ocrx_word' id='word_1_49' title='bbox 744 687 914 726; x_wconf 88' lang='lat' dir='ltr'>corpore</span> <span class='ocrx_word' id='word_1_50' title='bbox 937 673 1056 726; x_wconf 90' lang='lat' dir='ltr'>triplo</span> <span class='ocrx_word' id='word_1_51' title='bbox 1079 672 1326 726; x_wconf 85' lang='lat' dir='ltr'>longioribus</span> <span class='ocrx_word' id='word_1_52' title='bbox 1347 703 1358 721; x_wconf 94' lang='lat'>,</span> <span class='ocrx_word' id='word_1_53' title='bbox 1381 673 1454 712; x_wconf 87' lang='lat' dir='ltr'>alis</span> 
     </span>
     <span class='ocr_line' id='line_1_11' title="bbox 567 726 1453 778; baseline -0.002 -10"><span class='ocrx_word' id='word_1_54' title='bbox 567 728 757 778; x_wconf 77' lang='lat' dir='ltr'>deflexis,</span> <span class='ocrx_word' id='word_1_55' title='bbox 792 730 912 768; x_wconf 82' lang='lat' dir='ltr'>aeneis</span> <span class='ocrx_word' id='word_1_56' title='bbox 932 758 944 778; x_wconf 89' lang='lat'>,</span> <span class='ocrx_word' id='word_1_57' title='bbox 978 727 1094 768; x_wconf 84' lang='lat' dir='ltr'>fascia</span> <span class='ocrx_word' id='word_1_58' title='bbox 1122 726 1250 776; x_wconf 81' lang='lat' dir='ltr'>flava,</span> <span class='ocrx_word' id='word_1_59' title='bbox 1279 727 1453 768; x_wconf 84' lang='lat' dir='ltr'>caeruleo</span> 
     </span>
     <span class='ocr_line' id='line_1_12' title="bbox 570 785 806 836; baseline 0.004 -14"><span class='ocrx_word' id='word_1_60' title='bbox 570 785 806 836; x_wconf 80' lang='lat' dir='ltr'>marginata.</span> 
     </span>
    </p>

    <p class='ocr_par' dir='ltr' id='par_1_8' title="bbox 518 834 1456 940">
     <span class='ocr_line' id='line_1_13' title="bbox 518 834 1456 889; baseline -0.002 -13"><span class='ocrx_word' id='word_1_61' title='bbox 518 836 619 877; x_wconf 79' lang='lat' dir='ltr'>Hah.</span> <span class='ocrx_word' id='word_1_62' title='bbox 657 839 695 875; x_wconf 82' lang='lat' dir='ltr'>in</span> <span class='ocrx_word' id='word_1_63' title='bbox 735 838 905 884; x_wconf 84' lang='lat' dir='ltr'>Suecia,</span> <span class='ocrx_word' id='word_1_64' title='bbox 956 836 1143 889; x_wconf 80' lang='lat' dir='ltr'>imprimis</span> <span class='ocrx_word' id='word_1_65' title='bbox 1186 837 1235 874; x_wconf 91' lang='lat' dir='ltr'>ad</span> <span class='ocrx_word' id='word_1_66' title='bbox 1281 834 1456 874; x_wconf 76' lang='lat' dir='ltr'>acidulas</span> 
     </span>
     <span class='ocr_line' id='line_1_14' title="bbox 574 888 1454 940; baseline 0.001 -11"><span class='ocrx_word' id='word_1_67' title='bbox 574 889 792 930; x_wconf 88' lang='lat' dir='ltr'>saetrenses.</span> <span class='ocrx_word' id='word_1_68' title='bbox 817 893 861 929; x_wconf 86' lang='lat' dir='ltr'>In</span> <span class='ocrx_word' id='word_1_69' title='bbox 890 890 1016 929; x_wconf 80' lang='lat' dir='ltr'>Gallia</span> <span class='ocrx_word' id='word_1_70' title='bbox 1045 889 1155 929; x_wconf 88' lang='lat' dir='ltr'>Aust.</span> <span class='ocrx_word' id='word_1_71' title='bbox 1183 888 1383 940; x_wconf 87' lang='lat' dir='ltr'>frequens.</span> <span class='ocrx_word' id='word_1_72' title='bbox 1400 892 1454 930; x_wconf 87' lang='lat' dir='ltr'>V.</span> 
     </span>
    </p>

    <p class='ocr_par' dir='ltr' id='par_1_9' title="bbox 512 940 1460 1325">
     <span class='ocr_line' id='line_1_15' title="bbox 512 940 1458 996; baseline -0.001 -13"><span class='ocrx_word' id='word_1_73' title='bbox 512 940 800 994; x_wconf 84' lang='lat' dir='ltr'>Desc.&#39;Media.</span> <span class='ocrx_word' id='word_1_74' title='bbox 821 943 914 982; x_wconf 62' lang='grc' dir='ltr'>Αἶας</span> <span class='ocrx_word' id='word_1_75' title='bbox 936 944 1157 995; x_wconf 74' lang='lat' dir='ltr'>ficperiores</span> <span class='ocrx_word' id='word_1_76' title='bbox 1185 944 1458 996; x_wconf 83' lang='lat' dir='ltr'>nigricantes,</span> 
     </span>
     <span class='ocr_line' id='line_1_16' title="bbox 571 998 1458 1048; baseline 0 -10"><span class='ocrx_word' id='word_1_77' title='bbox 571 998 1011 1039; x_wconf 79' lang='lat' dir='ltr'>flavo-aurato-striaroe</span> <span class='ocrx_word' id='word_1_78' title='bbox 1042 1030 1054 1048; x_wconf 93' lang='lat'>,</span> <span class='ocrx_word' id='word_1_79' title='bbox 1090 998 1207 1038; x_wconf 80' lang='lat' dir='ltr'>fascia</span> <span class='ocrx_word' id='word_1_80' title='bbox 1245 1000 1285 1036; x_wconf 89' lang='lat' dir='ltr'>in</span> <span class='ocrx_word' id='word_1_81' title='bbox 1325 999 1458 1038; x_wconf 87' lang='lat' dir='ltr'>medio</span> 
     </span>
     <span class='ocr_line' id='line_1_17' title="bbox 574 1053 1458 1106; baseline -0.001 -14"><span class='ocrx_word' id='word_1_82' title='bbox 574 1053 825 1102; x_wconf 85' lang='lat' dir='ltr'>transversa,</span> <span class='ocrx_word' id='word_1_83' title='bbox 869 1055 1055 1105; x_wconf 83' lang='lat' dir='ltr'>utrinque</span> <span class='ocrx_word' id='word_1_84' title='bbox 1095 1053 1271 1105; x_wconf 76' lang='lat' dir='ltr'>margine</span> <span class='ocrx_word' id='word_1_85' title='bbox 1310 1054 1458 1106; x_wconf 90' lang='lat' dir='ltr'>nigro-</span> 
     </span>
     <span class='ocr_line' id='line_1_18' title="bbox 554 1107 1459 1161; baseline -0.001 -14"><span class='ocrx_word' id='word_1_86' title='bbox 554 1118 782 1161; x_wconf 42' lang='lat' dir='ltr'>*argentea</span> <span class='ocrx_word' id='word_1_87' title='bbox 824 1107 1024 1147; x_wconf 82' lang='lat' dir='ltr'>Antennae</span> <span class='ocrx_word' id='word_1_88' title='bbox 1054 1109 1325 1161; x_wconf 71' lang='lat' dir='ltr'>nigricantes‚</span> <span class='ocrx_word' id='word_1_89' title='bbox 1364 1121 1459 1147; x_wconf 90' lang='lat' dir='ltr'>cor-</span> 
     </span>
     <span class='ocr_line' id='line_1_19' title="bbox 575 1162 1456 1216; baseline 0 -15"><span class='ocrx_word' id='word_1_90' title='bbox 575 1175 674 1215; x_wconf 88' lang='lat' dir='ltr'>pore</span> <span class='ocrx_word' id='word_1_91' title='bbox 700 1163 786 1216; x_wconf 88' lang='lat' dir='ltr'>plus</span> <span class='ocrx_word' id='word_1_92' title='bbox 823 1176 935 1214; x_wconf 84' lang='lat' dir='ltr'>quam</span> <span class='ocrx_word' id='word_1_93' title='bbox 964 1162 1184 1215; x_wconf 87' lang='lat' dir='ltr'>quadruplo</span> <span class='ocrx_word' id='word_1_94' title='bbox 1211 1163 1414 1214; x_wconf 83' lang='lat' dir='ltr'>longiores</span> <span class='ocrx_word' id='word_1_95' title='bbox 1443 1193 1456 1212; x_wconf 88' lang='lat'>,</span> 
     </span>
     <span class='ocr_line' id='line_1_20' title="bbox 576 1216 1460 1268; baseline 0.002 -12"><span class='ocrx_word' id='word_1_96' title='bbox 576 1218 679 1256; x_wconf 86' lang='lat' dir='ltr'>adeo</span> <span class='ocrx_word' id='word_1_97' title='bbox 707 1227 870 1257; x_wconf 82' lang='lat' dir='ltr'>tenaces</span> <span class='ocrx_word' id='word_1_98' title='bbox 912 1227 956 1256; x_wconf 84' lang='lat' dir='ltr'>ut</span> <span class='ocrx_word' id='word_1_99' title='bbox 993 1219 1039 1256; x_wconf 90' lang='lat' dir='ltr'>iis</span> <span class='ocrx_word' id='word_1_100' title='bbox 1084 1216 1201 1257; x_wconf 87' lang='lat' dir='ltr'>facile</span> <span class='ocrx_word' id='word_1_101' title='bbox 1234 1217 1460 1268; x_wconf 81' lang='lat' dir='ltr'>apprehen-</span> 
     </span>
     <span class='ocr_line' id='line_1_21' title="bbox 573 1272 1009 1325; baseline 0.005 -15"><span class='ocrx_word' id='word_1_102' title='bbox 573 1273 701 1311; x_wconf 84' lang='lat' dir='ltr'>datur.</span> <span class='ocrx_word' id='word_1_103' title='bbox 735 1272 858 1312; x_wconf 82' lang='lat' dir='ltr'>Faun.</span> <span class='ocrx_word' id='word_1_104' title='bbox 890 1282 1009 1325; x_wconf 79' lang='lat'>1393.</span> 
     </span>
    </p>
   </div>
   <div class='ocr_carea' id='block_1_4' title="bbox 518 641 628 650">
    <p class='ocr_par' dir='ltr' id='par_1_10' title="bbox 518 641 628 650">
     <span class='ocr_line' id='line_1_22' title="bbox 518 641 628 650; baseline 0 2165"><span class='ocrx_word' id='word_1_105' title='bbox 518 641 628 650; x_wconf 95' lang='lat' dir='ltr'> </span> 
     </span>
    </p>
   </div>
   <div class='ocr_carea' id='block_1_5' title="bbox 184 1379 1468 2243">
    <p class='ocr_par' dir='ltr' id='par_1_11' title="bbox 184 1379 1460 1529">
     <span class='ocr_line' id='line_1_23' title="bbox 184 1379 1455 1434; baseline -0.004 -11"><span class='ocrx_word' id='word_1_106' title='bbox 184 1379 386 1424; x_wconf 86' lang='lat' dir='ltr'>Sultzella.</span> <span class='ocrx_word' id='word_1_107' title='bbox 414 1380 506 1434; x_wconf 77' lang='lat'>918.</span> <span class='ocrx_word' id='word_1_108' title='bbox 538 1381 583 1420; x_wconf 93' lang='lat' dir='ltr'>P.</span> <span class='ocrx_word' id='word_1_109' title='bbox 616 1381 668 1420; x_wconf 91' lang='lat' dir='ltr'>T.</span> <span class='ocrx_word' id='word_1_110' title='bbox 702 1380 780 1432; x_wconf 83' lang='lat' dir='ltr'>(la</span> <span class='ocrx_word' id='word_1_111' title='bbox 823 1380 1020 1430; x_wconf 87' lang='lat' dir='ltr'>Sultzer)</span> <span class='ocrx_word' id='word_1_112' title='bbox 1064 1382 1249 1421; x_wconf 81' lang='lat' dir='ltr'>antennis</span> <span class='ocrx_word' id='word_1_113' title='bbox 1294 1381 1455 1422; x_wconf 62' lang='lat' dir='ltr'>medio⁴</span> 
     </span>
     <span class='ocr_line' id='line_1_24' title="bbox 574 1434 1460 1489; baseline 0.002 -14"><span class='ocrx_word' id='word_1_114' title='bbox 574 1435 733 1484; x_wconf 90' lang='lat' dir='ltr'>eribus,</span> <span class='ocrx_word' id='word_1_115' title='bbox 761 1434 833 1475; x_wconf 89' lang='lat' dir='ltr'>alis</span> <span class='ocrx_word' id='word_1_116' title='bbox 864 1436 987 1489; x_wconf 83' lang='lat' dir='ltr'>nigris</span> <span class='ocrx_word' id='word_1_117' title='bbox 1005 1463 1019 1483; x_wconf 93' lang='lat'><em>,</em></span> <span class='ocrx_word' id='word_1_118' title='bbox 1047 1435 1313 1489; x_wconf 85' lang='lat' dir='ltr'>superioribus</span> <span class='ocrx_word' id='word_1_119' title='bbox 1341 1436 1460 1478; x_wconf 78' lang='lat' dir='ltr'>fascia</span> 
     </span>
     <span class='ocr_line' id='line_1_25' title="bbox 575 1503 710 1529; baseline 0 0"><span class='ocrx_word' id='word_1_120' title='bbox 575 1503 710 1529; x_wconf 88' lang='lat' dir='ltr'>aurea.</span> 
     </span>
    </p>

    <p class='ocr_par' dir='ltr' id='par_1_12' title="bbox 520 1543 1463 1707">
     <span class='ocr_line' id='line_1_26' title="bbox 521 1543 966 1591; baseline 0.004 -8"><span class='ocrx_word' id='word_1_121' title='bbox 521 1543 619 1584; x_wconf 84' lang='lat' dir='ltr'>Fab.</span> <span class='ocrx_word' id='word_1_122' title='bbox 655 1544 799 1584; x_wconf 86' lang='lat' dir='ltr'>alucita</span> <span class='ocrx_word' id='word_1_123' title='bbox 827 1556 893 1585; x_wconf 85' lang='lat'>20.</span> <span class='ocrx_word' id='word_1_124' title='bbox 928 1548 966 1591; x_wconf 72' lang='lat'>(3.</span> 
     </span>
     <span class='ocr_line' id='line_1_27' title="bbox 520 1599 1463 1654; baseline 0.001 -13"><span class='ocrx_word' id='word_1_125' title='bbox 520 1599 620 1641; x_wconf 61' lang='grc' dir='ltr'>ΗΑ).</span> <span class='ocrx_word' id='word_1_126' title='bbox 649 1600 687 1638; x_wconf 83' lang='lat' dir='ltr'>irz</span> <span class='ocrx_word' id='word_1_127' title='bbox 710 1601 882 1652; x_wconf 84' lang='lat' dir='ltr'>Europa.</span> <span class='ocrx_word' id='word_1_128' title='bbox 905 1603 950 1639; x_wconf 84' lang='lat' dir='ltr'>In</span> <span class='ocrx_word' id='word_1_129' title='bbox 968 1599 1096 1640; x_wconf 87' lang='lat' dir='ltr'>Gallia</span> <span class='ocrx_word' id='word_1_130' title='bbox 1123 1600 1233 1641; x_wconf 91' lang='lat' dir='ltr'>Aust.</span> <span class='ocrx_word' id='word_1_131' title='bbox 1257 1603 1463 1654; x_wconf 86' lang='lat' dir='ltr'>Frequens</span> 
     </span>
     <span class='ocr_line' id='line_1_28' title="bbox 580 1657 1059 1707; baseline 0.004 -14"><span class='ocrx_word' id='word_1_132' title='bbox 580 1666 704 1706; x_wconf 86' lang='lat' dir='ltr'>prope</span> <span class='ocrx_word' id='word_1_133' title='bbox 730 1657 977 1707; x_wconf 84' lang='lat' dir='ltr'>Lugdunum.</span> <span class='ocrx_word' id='word_1_134' title='bbox 1006 1657 1059 1695; x_wconf 87' lang='lat' dir='ltr'>V.</span> 
     </span>
    </p>

    <p class='ocr_par' dir='ltr' id='par_1_13' title="bbox 521 1707 1468 2201">
     <span class='ocr_line' id='line_1_29' title="bbox 521 1707 1464 1759; baseline 0.004 -13"><span class='ocrx_word' id='word_1_135' title='bbox 521 1707 676 1747; x_wconf 83' lang='lat' dir='ltr'>Similis</span> <span class='ocrx_word' id='word_1_136' title='bbox 702 1710 750 1748; x_wconf 84' lang='lat' dir='ltr'>de</span> <span class='ocrx_word' id='word_1_137' title='bbox 773 1709 968 1749; x_wconf 83' lang='lat' dir='ltr'>Geerellae</span> <span class='ocrx_word' id='word_1_138' title='bbox 983 1710 1083 1759; x_wconf 82' lang='lat' dir='ltr'>‚sed</span> <span class='ocrx_word' id='word_1_139' title='bbox 1105 1721 1291 1751; x_wconf 80' lang='lat' dir='ltr'>antennae</span> <span class='ocrx_word' id='word_1_140' title='bbox 1308 1712 1464 1750; x_wconf 79' lang='lat' dir='ltr'>medio-</span> 
     </span>
     <span class='ocr_line' id='line_1_30' title="bbox 578 1762 1423 1819; baseline 0.007 -19"><span class='ocrx_word' id='word_1_141' title='bbox 578 1769 678 1801; x_wconf 83' lang='lat' dir='ltr'>cr&#39;es.</span> <span class='ocrx_word' id='word_1_142' title='bbox 710 1762 829 1802; x_wconf 83' lang='lat' dir='ltr'>Color</span> <span class='ocrx_word' id='word_1_143' title='bbox 854 1766 1300 1816; x_wconf 63' lang='lat' dir='ltr'>pltrpurnj‘benti-niger.</span> <span class='ocrx_word' id='word_1_144' title='bbox 1322 1766 1423 1819; x_wconf 87' lang='lat' dir='ltr'>Syst.</span> 
     </span>
     <span class='ocr_line' id='line_1_31' title="bbox 529 1815 1468 1871; baseline 0.007 -17"><span class='ocrx_word' id='word_1_145' title='bbox 529 1815 620 1866; x_wconf 71' lang='lat' dir='ltr'>obſs</span> <span class='ocrx_word' id='word_1_146' title='bbox 649 1819 761 1856; x_wconf 80' lang='lat' dir='ltr'>Hauc</span> <span class='ocrx_word' id='word_1_147' title='bbox 787 1818 825 1857; x_wconf 71' lang='grc' dir='ltr'>ὅ(</span> <span class='ocrx_word' id='word_1_148' title='bbox 853 1820 1144 1870; x_wconf 82' lang='lat' dir='ltr'>praecedentem</span> <span class='ocrx_word' id='word_1_149' title='bbox 1188 1834 1261 1871; x_wconf 92' lang='lat' dir='ltr'>pro</span> <span class='ocrx_word' id='word_1_150' title='bbox 1302 1833 1379 1860; x_wconf 82' lang='lat' dir='ltr'>una</span> <span class='ocrx_word' id='word_1_151' title='bbox 1425 1821 1468 1862; x_wconf 71' lang='grc' dir='ltr'>ὅζ</span> 
     </span>
     <span class='ocr_line' id='line_1_32' title="bbox 579 1871 1465 1924; baseline 0.003 -13"><span class='ocrx_word' id='word_1_152' title='bbox 579 1872 718 1911; x_wconf 86' lang='lat' dir='ltr'>eadem</span> <span class='ocrx_word' id='word_1_153' title='bbox 740 1871 869 1924; x_wconf 88' lang='lat' dir='ltr'>specie</span> <span class='ocrx_word' id='word_1_154' title='bbox 893 1871 1030 1912; x_wconf 87' lang='lat' dir='ltr'>habuit</span> <span class='ocrx_word' id='word_1_155' title='bbox 1058 1873 1115 1913; x_wconf 91' lang='lat' dir='ltr'>D.</span> <span class='ocrx_word' id='word_1_156' title='bbox 1136 1873 1234 1914; x_wconf 83' lang='lat' dir='ltr'>Fab.</span> <span class='ocrx_word' id='word_1_157' title='bbox 1271 1873 1336 1914; x_wconf 87' lang='lat' dir='ltr'>sed</span> <span class='ocrx_word' id='word_1_158' title='bbox 1371 1874 1465 1914; x_wconf 90' lang='lat' dir='ltr'>huic</span> 
     </span>
     <span class='ocr_line' id='line_1_33' title="bbox 576 1925 1464 1978; baseline 0.006 -14"><span class='ocrx_word' id='word_1_159' title='bbox 576 1925 783 1966; x_wconf 87' lang='lat' dir='ltr'>clariffimo</span> <span class='ocrx_word' id='word_1_160' title='bbox 806 1927 895 1967; x_wconf 90' lang='lat' dir='ltr'>viro</span> <span class='ocrx_word' id='word_1_161' title='bbox 925 1926 1097 1967; x_wconf 77' lang='lat' dir='ltr'>assentiri</span> <span class='ocrx_word' id='word_1_162' title='bbox 1131 1928 1288 1969; x_wconf 86' lang='lat' dir='ltr'>difficile</span> <span class='ocrx_word' id='word_1_163' title='bbox 1315 1928 1395 1978; x_wconf 88' lang='lat' dir='ltr'>est,</span> <span class='ocrx_word' id='word_1_164' title='bbox 1419 1939 1464 1969; x_wconf 87' lang='lat' dir='ltr'>ut</span> 
     </span>
     <span class='ocr_line' id='line_1_34' title="bbox 577 1980 1466 2035; baseline 0.006 -16"><span class='ocrx_word' id='word_1_165' title='bbox 577 1989 688 2033; x_wconf 86' lang='lat' dir='ltr'>patet</span> <span class='ocrx_word' id='word_1_166' title='bbox 721 1995 772 2020; x_wconf 85' lang='lat' dir='ltr'>ex</span> <span class='ocrx_word' id='word_1_167' title='bbox 803 1980 908 2022; x_wconf 87' lang='lat' dir='ltr'>desc.</span> <span class='ocrx_word' id='word_1_168' title='bbox 942 1981 1000 2022; x_wconf 94' lang='lat' dir='ltr'>D.</span> <span class='ocrx_word' id='word_1_169' title='bbox 1038 1983 1084 2021; x_wconf 79' lang='lat' dir='ltr'>de</span> <span class='ocrx_word' id='word_1_170' title='bbox 1119 1981 1220 2022; x_wconf 86' lang='lat' dir='ltr'>Geer</span> <span class='ocrx_word' id='word_1_171' title='bbox 1262 1984 1328 2035; x_wconf 89' lang='lat' dir='ltr'>qui</span> <span class='ocrx_word' id='word_1_172' title='bbox 1362 1983 1466 2024; x_wconf 85' lang='lat' dir='ltr'>hanc</span> 
     </span>
     <span class='ocr_line' id='line_1_35' title="bbox 580 2035 1464 2090; baseline 0.003 -16"><span class='ocrx_word' id='word_1_173' title='bbox 580 2035 687 2089; x_wconf 88' lang='lat' dir='ltr'>phal.</span> <span class='ocrx_word' id='word_1_174' title='bbox 707 2045 894 2076; x_wconf 89' lang='lat' dir='ltr'>accurate</span> <span class='ocrx_word' id='word_1_175' title='bbox 913 2036 1124 2090; x_wconf 82' lang='lat' dir='ltr'>descripsit.</span> <span class='ocrx_word' id='word_1_176' title='bbox 1156 2040 1287 2077; x_wconf 87' lang='lat' dir='ltr'>Larva</span> <span class='ocrx_word' id='word_1_177' title='bbox 1305 2038 1464 2077; x_wconf 88' lang='lat' dir='ltr'>dubium</span> 
     </span>
     <span class='ocr_line' id='line_1_36' title="bbox 580 2090 1466 2146; baseline 0.005 -17"><span class='ocrx_word' id='word_1_178' title='bbox 580 2090 726 2130; x_wconf 88' lang='lat' dir='ltr'>solvet.</span> <span class='ocrx_word' id='word_1_179' title='bbox 781 2092 922 2131; x_wconf 87' lang='lat' dir='ltr'>Variat</span> <span class='ocrx_word' id='word_1_180' title='bbox 982 2093 1166 2132; x_wconf 85' lang='lat' dir='ltr'>antennis</span> <span class='ocrx_word' id='word_1_181' title='bbox 1222 2092 1466 2146; x_wconf 73' lang='lat' dir='ltr'>longissimis.</span> 
     </span>
     <span class='ocr_line' id='line_1_37' title="bbox 579 2145 1468 2201; baseline 0.002 -16"><span class='ocrx_word' id='word_1_182' title='bbox 579 2146 723 2185; x_wconf 87' lang='lat' dir='ltr'>Variat</span> <span class='ocrx_word' id='word_1_183' title='bbox 752 2145 880 2186; x_wconf 88' lang='lat' dir='ltr'>adhuc</span> <span class='ocrx_word' id='word_1_184' title='bbox 905 2145 1034 2186; x_wconf 86' lang='lat' dir='ltr'>fasciae</span> <span class='ocrx_word' id='word_1_185' title='bbox 1069 2146 1185 2188; x_wconf 86' lang='lat' dir='ltr'>color</span> <span class='ocrx_word' id='word_1_186' title='bbox 1211 2148 1277 2200; x_wconf 92' lang='lat' dir='ltr'>qui</span> <span class='ocrx_word' id='word_1_187' title='bbox 1317 2146 1468 2201; x_wconf 84' lang='lat' dir='ltr'>semper</span> 
     </span>
    </p>

    <p class='ocr_par' dir='ltr' id='par_1_14' title="bbox 583 2198 1237 2243">
     <span class='ocr_line' id='line_1_38' title="bbox 583 2198 1237 2243; baseline 0.008 -5"><span class='ocrx_word' id='word_1_188' title='bbox 583 2198 693 2239; x_wconf 88' lang='lat' dir='ltr'>albus</span> <span class='ocrx_word' id='word_1_189' title='bbox 725 2201 767 2240; x_wconf 89' lang='lat' dir='ltr'>in</span> <span class='ocrx_word' id='word_1_190' title='bbox 796 2201 979 2241; x_wconf 88' lang='lat' dir='ltr'>omnibus</span> <span class='ocrx_word' id='word_1_191' title='bbox 1010 2201 1164 2243; x_wconf 86' lang='lat' dir='ltr'>nostris.</span> <span class='ocrx_word' id='word_1_192' title='bbox 1183 2205 1237 2243; x_wconf 90' lang='lat' dir='ltr'>V.</span> 
     </span>
    </p>
   </div>
   <div class='ocr_carea' id='block_1_6' title="bbox 194 2309 1477 2419">
    <p class='ocr_par' dir='ltr' id='par_1_15' title="bbox 194 2309 1477 2419">
     <span class='ocr_line' id='line_1_39' title="bbox 194 2309 1477 2366; baseline 0 -13"><span class='ocrx_word' id='word_1_193' title='bbox 194 2311 399 2355; x_wconf 86' lang='lat' dir='ltr'>Podaella.</span> <span class='ocrx_word' id='word_1_194' title='bbox 432 2320 526 2366; x_wconf 86' lang='lat'>919.</span> <span class='ocrx_word' id='word_1_195' title='bbox 557 2311 603 2349; x_wconf 90' lang='lat' dir='ltr'>P.</span> <span class='ocrx_word' id='word_1_196' title='bbox 632 2309 684 2348; x_wconf 90' lang='lat' dir='ltr'>T.</span> <span class='ocrx_word' id='word_1_197' title='bbox 718 2309 788 2361; x_wconf 89' lang='lat' dir='ltr'>(la</span> <span class='ocrx_word' id='word_1_198' title='bbox 808 2312 948 2360; x_wconf 87' lang='lat' dir='ltr'>Poda)</span> <span class='ocrx_word' id='word_1_199' title='bbox 973 2311 1155 2350; x_wconf 86' lang='lat' dir='ltr'>antennis</span> <span class='ocrx_word' id='word_1_200' title='bbox 1177 2311 1477 2365; x_wconf 60' lang='lat' dir='ltr'>mediocribus,</span> 
     </span>
     <span class='ocr_line' id='line_1_40' title="bbox 588 2362 1123 2419; baseline 0.002 -15"><span class='ocrx_word' id='word_1_201' title='bbox 588 2362 658 2404; x_wconf 83' lang='lat' dir='ltr'>alis</span> <span class='ocrx_word' id='word_1_202' title='bbox 685 2365 809 2419; x_wconf 88' lang='lat' dir='ltr'>nigris</span> <span class='ocrx_word' id='word_1_203' title='bbox 831 2365 952 2407; x_wconf 79' lang='lat' dir='ltr'>fascia</span> <span class='ocrx_word' id='word_1_204' title='bbox 978 2365 1123 2406; x_wconf 85' lang='lat' dir='ltr'>albida.</span> 
     </span>
    </p>
   </div>
   <div class='ocr_carea' id='block_1_7' title="bbox 1107 2419 1253 2474">
    <p class='ocr_par' dir='ltr' id='par_1_16' title="bbox 1107 2419 1253 2474">
     <span class='ocr_line' id='line_1_41' title="bbox 1107 2419 1253 2474; baseline 0 -14"><span class='ocrx_word' id='word_1_205' title='bbox 1107 2422 1144 2460; x_wconf 82' lang='lat' dir='ltr'>H</span> <span class='ocrx_word' id='word_1_206' title='bbox 1156 2419 1180 2460; x_wconf 80' lang='lat' dir='ltr'>h</span> <span class='ocrx_word' id='word_1_207' title='bbox 1209 2420 1253 2474; x_wconf 64' lang='lat' dir='ltr'>fii</span> 
     </span>
    </p>
   </div>
  </div>
 </body>
</html>
