1722 2815
351 133 433 190 '418
490 137 738 179 InsEcoeA
764 137 1519 184 annoPTERAAEhaLTortx-ix.

346 246 678 302 Eidellana.737.
710 249 757 287 P.
788 248 839 287 T.
870 251 888 300 (
915 248 952 288 la
977 249 1217 303 bedeaude)
1243 251 1314 293 alis
1335 252 1469 294 antice
1495 250 1628 304 albisg.

738 302 888 355 postice
919 304 1056 346 fulvis.
1092 307 1215 362 Geoffi

685 356 787 399 Hah.
818 359 859 399 in
888 361 1063 414 Europa.

734 468 800 508 Ex
830 485 937 521 oper.
967 469 1026 511 D.
1058 470 1104 510 de
1136 470 1253 515 Geer.

341 578 556 624 Urticana.
574 577 673 633 738.
703 580 752 619 P.
781 578 832 619 T.
863 581 882 630 (
908 580 957 620 de
983 579 1151 630 i'ortie)
1179 581 1250 621 alis
1285 581 1487 623 rhombeis
1519 596 1624 623 mar-

730 635 827 687 gine
852 634 1007 687 poflico
1034 637 1230 676 interiore
1256 637 1390 678 exciso
1412 665 1425 687 ,
1453 638 1625 678 obscure

727 689 876 738 fuscis,
909 690 1025 745 striga
1057 690 1204 730 inflexa
1230 690 1488 732 flavescente.
1511 693 1621 743 Retz.

727 761 767 784 n.
788 744 977 796 148.-De
1010 745 1110 786 Geer
1129 757 1228 786 tom.
1246 755 1284 786 1.
1313 762 1358 798 p.
1374 756 1472 801 413.
1498 759 1528 788 t.
1553 746 1625 787 28.

756 830 765 840 .
797 811 935 842 1.—11.

673 801 777 896 Hafli.
808 856 849 895 in
881 859 1058 910 Europa.

673 910 807 950 zama
830 910 880 950 16
900 914 1004 964 poda
1026 943 1038 962 ‚
1077 912 1204 966 grisea
1221 943 1238 964 ,
1268 913 1388 968 nigro
1419 913 1623 966 punstata.

729 968 774 1005 In
805 966 935 1006 Gallia
956 968 1068 1008 Aust.
1093 971 1147 1008 V.

672 1019 792 1068 Dese.
824 1023 954 1061 Parva
969 1052 983 1072 ‚
1011 1022 1214 1077 agiliffima
1227 1054 1239 1073 ,
1259 1023 1407 1064 alarum
1423 1023 1625 1076 positione

633 1074 637 1080 “
726 1075 947 1129 singularis.
967 1077 1064 1116 Alae
1082 1091 1195 1118 more
1219 1088 1514 1131 geometrarum
1534 1077 1622 1116 fere

728 1131 935 1170 horizonti
963 1131 1179 1183 parallelae.
1207 1136 1317 1172 Inter
1342 1133 1534 1170 tortrices
1553 1132 1623 1169 ni-

711 1184 946 1228 'hilominus
982 1186 1228 1224 numeranda
1247 1215 1260 1234 ‚
1307 1184 1379 1225 alis
1423 1186 1464 1224 in
1506 1194 1624 1238 parte

700 1254 704 1258 ⁴
728 1239 863 1278 antica
885 1238 1098 1279 latioribus
1129 1252 1245 1292 quam
1270 1241 1311 1280 in
1336 1239 1487 1293 postica
1515 1253 1624 1279 mar-

728 1293 902 1346 gineque
932 1294 1084 1348 postico
1119 1308 1209 1336 cum
1239 1297 1445 1335 exteriore
1483 1308 1622 1349 angu-

727 1347 809 1388 lum
833 1347 918 1391 fere
956 1350 1105 1391 redium
1132 1349 1348 1391 forma-nte.
1376 1353 1433 1392 V.

334 1457 675 1516 acbatanaqw.
704 1460 751 1500 P.
779 1461 831 1500 T.
864 1464 882 1512 (
908 1460 1055 1516 l'agate
1079 1462 1098 1512 )
1127 1461 1297 1502 thorace
1326 1461 1488 1502 cristato
1506 1492 1519 1510 ‚
1548 1461 1623 1502 alis

725 1515 930 1556 rhombeis
966 1517 1065 1557 albis
1102 1517 1291 1566 canisve,
1325 1516 1444 1557 fascia
1486 1518 1623 1555 undu-

728 1571 811 1611 lata
861 1570 968 1612 fusca
1005 1572 1241 1625 maculaque
1276 1572 1449 1612 lunulari
1485 1570 1625 1610 ferru-

722 1627 856 1681 ginea.
894 1628 1007 1679 Retz.
1046 1637 1179 1676 150.-
1216 1628 1278 1667 De
1307 1627 1408 1667 Geer
1451 1638 1548 1666 tom.
1576 1635 1628 1666 2.

718 1698 761 1733 p.
791 1692 888 1735 472.
920 1696 953 1723 t.
990 1694 1055 1723 10.
1085 1684 1125 1736 f.
1161 1694 1285 1735 1.-4.

666 1739 836 1778 Rectum.
870 1739 942 1788 ins.
980 1750 1077 1778 tom.
1099 1751 1138 1778 2.
1174 1750 1204 1778 t.
1230 1736 1296 1778 18.
1332 1739 1373 1789 f.
1402 1735 1442 1777 8.

663 1792 768 1833 Hah.
799 1793 838 1831 in
871 1796 1047 1846 Europa.
1074 1796 1120 1833 In
1147 1793 1287 1832 Galliae
1313 1792 1445 1832 salice.
1477 1793 1531 1831 V.

669 1847 805 1887 Larva
837 1847 888 1886 16
920 1850 1025 1900 poda
1044 1878 1056 1897 ‚
1100 1848 1240 1888 viridis
1261 1878 1274 1897 ‚
1306 1847 1395 1901 pilis
1437 1845 1573 1899 crispis
1599 1854 1619 1897 ,ς

722 1902 952 1942 tenuiffimis
973 1933 986 1952 ‚
1018 1903 1261 1957 longissimis.

661 1955 781 2006 Dese.
807 1957 972 1998 Macula
998 1958 1106 1999 fusca
1139 1960 1181 1998 in
1212 1957 1353 1999 colore
1383 1955 1614 1997 achaticino

719 2011 838 2054 facile
865 2013 1111 2068 agnoscitur.
1147 2016 1201 2055 V.

756 2123 822 2162 Ex
852 2123 952 2165 Ent.
984 2123 1041 2164 D.
1071 2123 1187 2175 Scop-

353 2234 532 2286 Podana.
561 2243 662 2290 740.
691 2234 738 2274 P.
771 2235 823 2274 T.
855 2237 873 2286 (
899 2234 936 2274 la
965 2236 1077 2275 Poda
1103 2235 1121 2284 )
1161 2234 1232 2274 alls
1266 2234 1475 2274 ochraceis
1493 2264 1506 2282 ‚
1533 2246 1616 2273 an—

719 2289 811 2330 ticis
862 2290 1150 2330 cinnamomeis
1172 2320 1186 2339 ‚
1227 2291 1371 2330 atomis
1415 2289 1613 2343 strigaque

717 2345 848 2385 media
875 2344 1185 2386 flavescentibus
1204 2375 1217 2393 ,
1252 2346 1365 2398 apice
1393 2345 1586 2385 caudatis.

656 2394 767 2456 glab.
793 2400 836 2442 in
862 2402 1034 2456 Europae
1060 2400 1351 2446 rhododendro
1382 2398 1620 2454 ferruginea
