1722 2815
189 223 428 267 lusncra
454 223 782 275 'LEPmoP-rss
795 241 880 277 RA.
898 238 994 292 Pap.
1008 237 1190 288 Pleu-U.
1263 247 1316 302 83

380 335 481 387 Pap.
510 338 642 382 d’Eur.
667 353 699 383 t.
731 354 796 397 44.
823 346 858 396 f.
889 358 954 400 94.

377 389 478 431 Hah.
505 393 545 432 in
573 397 744 452 Europa.
775 403 819 440 In
842 403 984 446 Gallia.

101 494 251 537 Alceae.
285 491 376 539 168.
408 501 454 540 P.
485 505 539 544 U.
570 508 588 556 (
614 508 663 546 de
689 507 726 548 la
758 512 1000 565 guimauve)
1034 517 1104 558 alis
1130 521 1311 564 denticu-‘s

430 550 520 597 latis
535 557 651 600 fuscis
672 564 788 617 nigro
803 569 1005 611 maculatis
1018 601 1027 616 ‚
1046 573 1310 627 superioribus

435 614 598 654 maculis
649 618 853 669 pellucidis
904 625 944 662 in
989 628 1100 679 apice
1157 632 1278 673 tribus
1296 661 1310 684 ‚

427 666 468 705 in
503 668 610 710 disco
641 681 812 722 quatuor
846 675 992 728 sparsis.
1026 692 1057 722 t.
1083 692 1144 732 51.
1170 688 1210 738 f.
1240 698 1278 741 3.

375 718 474 760 Hah.
499 723 540 760 in
568 726 741 777 Europa.

66 819 248 877 Telego-
279 824 369 878 169.
399 828 445 867 P.
478 830 531 868 U.
564 831 583 880 (
594 831 834 888 lecgone)
853 838 924 879 alis
942 847 1143 888 ecaudatis
1164 849 1306 906 fuscis,

99 890 187 918 nus.
427 882 588 924 maculis
607 885 825 931 fenestratis
852 893 1133 942 latescentibus
1149 935 1160 954 ‚
1178 912 1307 950 omni-

422 935 494 976 bus
520 939 596 979 basi
621 942 714 983 rufis
732 975 744 994 ,
762 946 869 988 disco
886 949 1037 995 albidis.
1066 967 1097 998 t.
1123 960 1184 1009 56.
1203 964 1243 1015 f.
1265 976 1306 1020 3.

374 988 474 1032 Hah.
503 993 542 1032 in
573 997 745 1052 Europa.

81 1092 239 1136 Silvius.
272 1106 364 1150 170.
396 1101 440 1140 P.
473 1105 525 1144 U.
558 1107 576 1157 (
598 1106 777 1160 Silvius)
804 1113 875 1156 alis
902 1112 1128 1164 divaricatis
1150 1123 1267 1170 fulvis
1289 1142 1306 1184 3

419 1158 600 1200 omnibus
631 1163 742 1217 supra
780 1171 942 1211 maculis
983 1174 1113 1227 sparsis
1154 1181 1302 1238 fuscis;

419 1211 675 1258 inferioribus
724 1219 856 1263 subtus
899 1232 1062 1270 maculis
1103 1236 1255 1287 pallidis
1285 1270 1302 1289 ,

415 1271 572 1319 ovatis,
604 1274 720 1328 nigro
751 1277 930 1324 induetis.
970 1295 1001 1325 c.
1021 1284 1088 1330 80.
1109 1305 1214 1335 cont.
1231 1307 1300 1349 30.

405 1322 447 1374 f.
484 1333 517 1372 5.
549 1324 588 1366 6.

364 1374 463 1418 Hah.
493 1381 533 1418 in
563 1383 735 1438 Europa.

417 1649 491 1687 dis.
531 1662 563 1691 t.
593 1651 659 1695 82.
691 1672 792 1705 cont.
821 1673 886 1714 32.
913 1669 954 1717 f.
983 1679 1010 1720 4

353 1699 455 1742 Hah.
487 1704 526 1743 in
558 1710 730 1762 Europa.
760 1716 804 1752 In
824 1718 951 1760 Gallia
967 1699 1113 1777 propre
1130 1733 1294 1786 Lugdu·-

408 1769 502 1798 num
519 1788 532 1809 ,
567 1762 609 1801 in
637 1764 778 1808 hortis.
800 1770 854 1811 V.

113 1856 227 1902 Sidae.
260 1871 350 1915 172.
379 1867 425 1906 P.
458 1870 507 1910 U.
540 1873 558 1923 (
584 1872 632 1913 de
658 1873 866 1921 l'abutilon
887 1884 905 1933 )
930 1884 1001 1928 alis
1038 1891 1293 1938 denticulatis

407 1922 637 1968 divaricatis
658 1960 670 1980 ,
707 1930 1125 1987 fusco-virescentibus
1145 1980 1157 1999 ,
1198 1953 1292 1994 albo

405 1980 612 2023 maculatis
659 1977 914 2033 inferioribus
969 1997 1102 2041 subtus
1170 2005 1290 2050 fascia

402 2031 621 2078 transversa
647 2039 771 2084 fulva.
798 2055 828 2085 t.
857 2057 923 2100 90.
954 2065 1058 2095 cont.
1082 2067 1148 2109 40.
1173 2062 1214 2113 f.
1244 2073 1285 2116 3.

347 2085 447 2129 Hah.
479 2091 519 2129 in
553 2095 726 2149 Europa.
757 2101 802 2140 In
830 2103 958 2147 Gallia
986 2109 1098 2153 Aust.
1124 2116 1175 2155 V.

497 2201 559 2241 Ex
590 2207 682 2259 nost.
713 2208 817 2260 Mus:

33 2294 356 2361 w-album.173.
385 2310 430 2349 P.
459 2311 513 2350 U.
546 2313 624 2365 (le
654 2319 853 2365 W-blanc
878 2326 896 2375 )
927 2327 997 2369 alis
1034 2331 1282 2381 subcaudatis

399 2363 512 2418 supra
541 2369 683 2422 fuscis,
705 2375 806 2418 infra
832 2379 916 2422 fere
947 2386 1115 2427 cinereis
1135 2421 1147 2440 ‚
1174 2393 1278 2435 linea

398 2419 485 2460 alba
528 2423 569 2463 in
614 2426 685 2466 alis
725 2434 895 2481 anticis,
942 2440 983 2479 in
1023 2441 1279 2491 inferioribus

399 2476 546 2530 duplici
574 2482 760 2530 Wsalbo.
787 2491 839 2532 V.
865 2502 897 2533 t.
928 2497 1127 2604 4.Ff.ij12.
