1722 2815
248 131 331 179 430
385 129 631 169 lust-:cu
663 122 1422 174 LEP1noPT1RA.Phal.Tortrissi

579 237 681 278 Hah.
703 237 765 300 ‘in
796 239 974 292 Europa.
1001 241 1048 281 In
1084 241 1241 282 Breffiae
1276 241 1429 296 sylvis,
1461 238 1532 285 sed

633 304 778 332 rarior.

577 345 695 396 Defit.
745 347 984 401 Majuscula.
1034 349 1147 403 Pazpz
1191 353 1332 403 erasti,
1375 351 1528 406 longi,

632 402 798 452 villofi,
849 404 1030 457 poresti,
1081 406 1216 449 subtus
1258 408 1388 463 grisei.
1430 407 1531 446 Ala.-

621 458 849 509 fieperiores
883 458 1187 514 albido-griseae
1209 494 1220 512 ‚
1250 464 1366 504 fascia
1383 475 1528 517 magna

632 512 741 554 fusca
783 514 825 554 in
869 516 1002 555 medio
1045 519 1234 570 marginis
1271 519 1485 559 exterioris
1512 545 1529 565 ‚

628 569 783 621 punitis
810 570 937 610 tribus
979 579 1206 623 quatuorve
1233 571 1349 614 fuscis
1384 573 1525 627 longi-

627 624 864 664 tudinaliter
908 625 1102 679 disposltis
1134 627 1271 667 versus
1306 630 1526 681 marginem

628 679 864 720 interiorem
876 711 888 730 ‚
904 694 1073 733 quorum
1089 682 1265 737 superius
1282 683 1362 722 alio
1378 684 1527 734 punito

627 735 822 788 parallelo
867 737 1115 777 comitatum.
1164 739 1296 791 Striga
1341 738 1528 790 pun&ata

629 803 755 830 curva
783 791 920 831 versus
947 794 1167 847 marginem
1192 793 1396 845 posticum.
1430 792 1525 830 Alae

627 845 838 898 inferiores
857 846 961 886 infra
984 847 1075 887 laete
1094 848 1245 902 griseae.
1265 852 1308 887 In
1323 848 1523 887 honorem

623 900 683 941 D.
706 901 997 954 Desfontaines
1026 903 1091 955 qui
1119 917 1169 943 ex
1193 902 1333 944 Africa
1359 903 1523 942 rediens

623 956 809 996 musaeum
855 956 1030 996 nostrum
1073 958 1228 1011 aliquot
1279 959 1400 998 novis
1449 957 1521 996 in-

625 1011 735 1052 seffis
760 1013 931 1053 exoticis
959 1013 1085 1053 auxit.

239 1119 449 1161 Billarclia-
467 1129 566 1175 773.
597 1122 643 1160 P.
673 1121 725 1162 T.
756 1123 775 1173 (
801 1120 839 1161 la
875 1120 1148 1171 Billardiere)
1179 1122 1252 1161 alis
1279 1122 1412 1162 antice
1441 1121 1524 1160 fus-

264 1187 329 1217 na.
391 1212 398 1217 ,
624 1176 681 1214 cis
700 1205 713 1223 ‚
741 1175 891 1227 postice
924 1176 1142 1228 argenteis.

564 1226 667 1269 Hah.
693 1229 732 1269 in
761 1232 934 1282 Europa.
963 1232 1008 1269 In
1036 1229 1166 1269 Gallia
1184 1230 1298 1272 Aust.

563 1283 682 1335 Dese.
716 1284 960 1334 Parva,sed
990 1285 1130 1324 nitida.
1170 1284 1258 1324 Alae
1287 1287 1515 1337 ficperiores

619 1341 755 1381 antice
779 1339 898 1379 fuscae
919 1339 948 1379 s.
973 1340 1093 1379 tertia
1119 1353 1209 1393 pars
1231 1341 1380 1380 alarum
1410 1343 1518 1381 anti-

619 1408 755 1438 carum
772 1395 902 1442 fusca,
924 1409 1011 1448 quae
1027 1393 1190 1436 fuscedo
1206 1410 1277 1449 per
1296 1399 1515 1450 marginem

617 1452 865 1492 exteriorem
904 1451 1194 1500 continuatur,
1221 1451 1288 1491 sed
1317 1461 1413 1491 tunc
1443 1454 1513 1492 in-

619 1515 819 1559 terrupta.
874 1507 1025 1559 Margo
1084 1505 1256 1559 posticus
1309 1507 1516 1548 dimidiato

616 1561 764 1602 fuscus.
781 1563 940 1601 Caetera
966 1561 1135 1614 squamis
1154 1563 1355 1615 argenteis
1383 1564 1484 1602 tedia
1499 1592 1514 1613 ,

616 1618 772 1670 punffis
798 1618 968 1657 minimis
1006 1618 1186 1668 exceptis
1219 1626 1301 1657 tres·
1328 1616 1514 1658 fasciolas

616 1673 727 1713 lente
788 1672 1024 1724 conspicuas
1079 1671 1359 1712 formantibus.
1411 1673 1511 1713 Alae

614 1728 828 1781 inferiores
859 1725 972 1779 supra
1012 1727 1167 1779 punffls
1199 1727 1514 1768 numerofiffimis

613 1783 799 1822 irroratae
817 1811 831 1829 ,
863 1782 960 1821 licet
1010 1790 1126 1821 certo
1165 1781 1324 1821 luminis
1355 1782 1511 1822 reflexu

611 1847 847 1890 argentatae.
867 1837 1012 1877 Subtus
1030 1837 1173 1874 anticae
1187 1834 1305 1876 fuscae
1321 1867 1333 1886 ‚
1355 1838 1508 1887 posticae

612 1893 769 1932 albidae.
797 1895 842 1931 In
869 1891 1080 1931 honorem.
1113 1890 1169 1930 D.
1205 1893 1250 1930 de
1279 1891 1321 1930 la
1348 1892 1506 1931 Billar-

610 1947 718 1987 diere
774 1948 834 1987 rei
883 1945 1075 1986 naturalis
1125 1959 1261 1986 amore
1320 1949 1505 1988 exoticas

608 2004 798 2056 regiones
836 2001 958 2042 hodie
983 2014 1238 2054 percurrens.

246 2113 429 2155 Gernin-
459 2123 556 2170 774.
586 2114 632 2153 P.
664 2114 715 2153 T.
746 2114 763 2164 (
791 2111 829 2152 la
864 2112 1045 2165 Gerning
1073 2112 1090 2161 )
1144 2120 1232 2152 tota
1275 2119 1499 2167 argentea,'

218 2216 231 2223 -
276 2171 408 2224 giana.
605 2170 792 2209 antennis
815 2169 928 2221 apice
957 2167 1174 2221 argenteis.

552 2224 655 2265 Hah.
697 2227 735 2265 in
770 2227 945 2277 Europa.
994 2225 1039 2263 In
1085 2222 1216 2262 Gallia
1244 2222 1502 2267 Australiori.‘

552 2280 670 2330 Defi.
704 2281 858 2321 Media.
893 2276 989 2318 Alae
1010 2278 1231 2329 fizperiores
1254 2278 1369 2331 supra
1400 2280 1501 2320 obs-

608 2348 704 2376 cure
746 2343 948 2390 argenteae
976 2362 989 2380 ,
1037 2333 1174 2374 subtus
1215 2345 1354 2374 omnes
1403 2334 1499 2374 laeta

607 2390 760 2446 griseae.
791 2394 837 2433 In
865 2389 1063 2434 honorem
1093 2388 1150 2432 D.
1181 2387 1357 2442 Gerning
1383 2386 1499 2443 cujus
