1722 2815
193 175 441 218 ὙΝςΕΌῖᾸ
471 173 898 214 LEMDOPTERA.
916 169 1031 214 Phal.
1046 163 1188 213 Bomb.
1245 179 1326 226 159

448 282 644 324 nebulofis
663 313 675 333 ,
687 252 862 324 quacum
882 281 976 324 rufis
994 311 1010 332 ‚
1037 281 1154 337 striga
1178 282 1326 337 margi-

449 337 533 378 nali
560 338 663 378 alba.

393 393 488 443 Esp.
529 404 624 433 tom.
654 403 692 446 3.
729 405 760 443 t.
804 401 866 444 52.
904 393 944 447 f.
978 403 1020 447 7.

395 447 497 488 Hah.
527 449 566 488 in
597 451 770 502 Europa.

69 569 286 611 Semiluffi-
316 567 383 610 81.
417 572 459 610 P.
492 573 537 611 B.
568 574 586 623 (
600 571 637 612 Ie
654 573 916 624 demi-deuil)
935 572 1005 613 alis
1021 572 1141 619 albis,
1161 582 1331 626 corpore

95 624 194 666 fera.
457 627 588 680 nigro.
616 628 761 667 Nobis.
789 630 840 667 V.

403 679 503 720 Hah.
533 682 573 720 in
605 682 732 721 Gallia
758 693 884 733 prope
910 682 1159 734 Lugdunum.
1184 684 1239 723 V.

393 734 508 785 Dese.
539 736 678 774 Satura
714 735 752 773 &
779 735 1010 787 magnitudo
1040 736 1173 776 bomb.
1214 746 1327 780 atrae.

449 788 649 829 Antennae
668 786 786 827 valde
800 787 986 840 plumosae
1008 820 1021 838 ‚
1047 790 1178 830 fuscae.
1204 790 1330 842 Caput

447 840 599 880 vellere
615 840 747 881 albicio
773 843 973 883 obteerum
998 843 1076 893 est3
1098 843 1164 884 sed
1183 845 1330 885 thorax

446 896 485 936 &
509 897 695 936 abdomen
724 897 851 951 nigra.
878 899 932 938 V.

546 1005 609 1044 Ex
640 1007 731 1056 nost.
762 1005 865 1057 Mus:

105 1109 282 1168 Tigrina·
314 1112 380 1158 82.
411 1117 458 1156 P.
489 1116 536 1155 Β.
569 1118 588 1166 (
613 1115 651 1156 le
696 1116 835 1171 tigre)
886 1114 958 1156 alis
1005 1116 1105 1157 albis
1130 1146 1144 1167 ‚
1186 1116 1334 1171 duplici

455 1168 556 1210 serie
581 1171 744 1212 maculis
775 1171 890 1212 fuscis
916 1173 958 1211 in
979 1181 1148 1225 utraque
1174 1173 1334 1226 pagina·

454 1223 587 1264 Nobis
614 1238 643 1266 t.
677 1237 711 1273 ς.
732 1228 773 1280 f.
806 1235 840 1275 5.

393 1279 494 1319 Hah.
522 1281 562 1319 in
593 1282 722 1321 Gallia
751 1282 861 1322 Aust.

396 1334 513 1384 Dese.
534 1336 655 1376 Certe
673 1350 754 1376 non
783 1337 835 1377 est
860 1336 992 1376 bomb.
1020 1340 1160 1390 pudica
1180 1352 1202 1378 a
1218 1338 1334 1379 nobis

447 1390 542 1430 olim
573 1390 628 1431 D.
656 1391 747 1442 Esp.
775 1391 908 1439 missa,
945 1401 990 1431 ut
1025 1395 1160 1433 verbis
1197 1394 1332 1434 citatis

447 1454 573 1497 patet.
616 1444 760 1498 Margo
803 1446 950 1486 alarum
997 1449 1174 1488 exterior
1216 1448 1335 1487 rubi-

447 1500 578 1539 cunda
606 1512 857 1556 antennaeque
889 1501 1011 1554 magis
1037 1504 1257 1554 peffinatae.
1277 1505 1333 1544 V.

120 1625 286 1663 Lunata.
317 1621 384 1677 83.
415 1623 470 1715 P.s
492 1624 537 1662 Β.
571 1621 652 1716 (lle
668 1623 855 1716 clroiffant
882 1626 899 1674 )
923 1624 1118 1718 elinggluis,
1151 1625 1221 1664 alis
1251 1624 1335 1678 gri-

451 1689 569 1770 fias.

392 1783 494 1824 Hah.
529 1784 568 1823 in
595 1787 768 1837 Europa.
788 1789 833 1825 In
851 1787 980 1827 Gallia
1001 1788 1112 1828 Aust.

395 1836 513 1888 Dese.
541 1836 636 1878 Αἶας
655 1840 878 1891 fitperioPes
900 1842 940 1880 in
967 1843 1094 1882 tribus
1126 1842 1227 1882 areis
1252 1844 1335 1896 gri-

444 1894 518 1934 seis
564 1893 711 1934 divisae.
755 1893 974 1949 Jnferiores
1020 1897 1132 1937 albae.
1184 1898 1334 1938 Omnes

449 1950 554 2003 infra
588 1949 744 1991 albidae.

144 2072 283 2119 Fusca.
313 2076 381 2130 84.
410 2079 457 2117 P.
487 2078 535 2116 B.
567 2078 586 2128 (
611 2075 648 2117 le
682 2077 782 2118 brun
807 2079 825 2129 )
861 2077 1029 2134 elinguis
1049 2110 1062 2129 ‚
1104 2079 1174 2119 alis
1210 2081 1328 2135 supe-

449 2132 622 2172 rioribus
654 2131 771 2173 fuscis
788 2162 801 2180 ‚
830 2133 1086 2174 inferioribus
1108 2137 1251 2176 niveis.

392 2186 492 2226 Hah.
520 2188 559 2226 in
592 2190 764 2239 Europa.
795 2191 839 2228 In
862 2189 1002 2230 Gallia.

396 2241 512 2291 Defi.
547 2240 643 2281 Alae
669 2244 891 2294 fitperiores
940 2245 1053 2298 supra
1097 2244 1215 2285 fuscae
1254 2245 1333 2287 fine

450 2297 531 2337 ulla
566 2299 766 2347 mixtura,
796 2297 900 2339 infra
925 2301 1074 2354 griseae.
1116 2300 1333 2352 Inferiores

450 2352 684 2414 irruptaque
704 2354 846 2418 pagina
861 2356 1003 2397 niveae.
1036 2353 1172 2406 Affinis
1198 2355 1333 2396 bomb.

454 2405 552 2446 tnstr
581 2407 636 2449 D.
665 2408 711 2447 de
742 2408 858 2450 Geer.
