1722 2815
270 162 334 225 xii
593 169 1232 237 PRAEFATIO.

267 243 455 298 nullum
488 244 610 301 mihi
640 252 902 318 cognitum
937 259 1214 317 remedium
1236 305 1251 328 ‚
1286 262 1374 320 nifi
1407 275 1532 333 cap-⁴·

265 328 481 382 solarum
530 331 769 397 frequens
816 335 1100 407 inspeeti03
1146 347 1354 412 pulvere
1391 349 1530 405 enim

265 409 427 466 hostis
461 414 820 471 manifestatur.

346 493 456 551 Soli
498 495 1008 557 meridiano-infesta
1040 506 1156 564 viva
1202 510 1255 566 in
1306 512 1533 580 ampullis

266 576 444 633 vitreis
494 575 719 645 expofita
754 618 774 639 ,
818 582 923 636 cito
974 585 1037 639 ad
1074 607 1293 647 mortem
1332 597 1533 652 dantur.

270 658 479 716 Vitatur
514 661 736 718 thoracis
770 667 950 731 preffio
979 711 993 734 ,
1034 671 1239 736 panetio
1279 677 1536 747 Lepidop-

267 757 499 798 terorum
518 744 780 801 thoracem
792 746 964 813 saepius
983 750 1243 810 denudans
1260 757 1533 826 longusque
1566 758 1572 762 ’

267 825 441 881 ἱῐιῑεθῑί
463 847 637 895 angor.
685 829 743 882 In
767 828 963 895 Musaez·
995 832 1313 900 dispositione
1333 879 1347 898 ,
1378 830 1535 908 Lepi-

268 911 505 977 doptera‚
526 905 769 972 imprimis
785 904 1034 966 Fhalaenas
1045 954 1061 978 ‚
1078 933 1105 967 a
1123 914 1274 971 radiis
1286 919 1534 977 solaribus

266 993 486 1048 defende
512 1014 526 1060 ;
560 992 788 1059 negleela
808 994 903 1049 hac
934 1001 1127 1054 cautela
1148 1039 1162 1061 ‚
1199 1005 1402 1060 colores
1429 1008 1537 1073 pal-

266 1077 487 1137 lescunt,
524 1078 881 1146 extinguuntur
910 1082 1245 1153 Phalaenaeque
1288 1090 1539 1148 nonnulla

268 1157 353 1213 vix
388 1158 439 1215 in
476 1156 734 1229 posterum
762 1165 1099 1228 agnoscendae.

328 1244 637 1301 Insee‘torum
656 1246 974 1302 exoticorum
994 1265 1217 1305 antennae
1229 1252 1353 1318 saepe
1369 1254 1537 1308 occul·

269 1342 441 1383 tantur
459 1371 473 1392 ,
514 1329 667 1396 pedes
688 1330 817 1385 male
843 1331 1182 1388 extenduntur
1210 1350 1221 1393 3
1254 1332 1305 1387 in
1327 1332 1543 1402 capsulis

270 1409 449 1477 {igneis
485 1413 661 1466 claude
692 1451 704 1470 ‚
752 1413 916 1468 linteis
946 1415 1166 1470 humidis
1198 1436 1291 1482 per
1314 1416 1544 1480 triduumv

268 1490 470 1549 involve
493 1538 507 1560 ‚
540 1495 919 1562 flexibilitasque
948 1500 1162 1564 partium
1197 1521 1302 1555 non
1325 1501 1537 1568 amplius

270 1574 633 1630 defiderabitur
675 1600 691 1643 3
748 1580 835 1632 soli
883 1596 1052 1634 tamen
1090 1598 1175 1635 aut
1216 1583 1411 1637 fornaci
1453 1581 1539 1637 diu

267 1676 466 1722 expone
524 1678 578 1714 ut
617 1660 715 1726 lupi
753 1660 1076 1718 innotescant.
1142 1664 1228 1720 Sic
1266 1667 1544 1730 juventutis

269 1739 521 1809 etiamque
560 1741 714 1796 hodie
752 1741 1020 1799 senectutis
1054 1743 1244 1800 deliciae
1277 1746 1463 1803 inseeta
1488 1749 1541 1807 in

268 1826 476 1890 capsulis
534 1823 766 1889 utrinque
834 1823 1008 1882 vitreis
1062 1827 1238 1882 secure
1290 1829 1392 1888 jam
1453 1829 1545 1890 diu,

269 1909 586 1966 clauduntur.
658 1908 1069 1966 conservatione
1104 1947 1117 1969 ,
1179 1910 1541 1980 dispositione,

269 2009 487 2051 numero
507 1992 633 2046 ultra
656 2010 781 2055 5000
797 2028 808 2050 ,
831 1992 1068 2051 omnibus
1090 1993 1363 2061 pretiosum
1382 1995 1539 2051 visum

270 2071 366 2127 fuit
417 2073 646 2130 nostrum
684 2075 958 2144 Musaeum.
1015 2077 1177 2143 Super
1226 2081 1538 2148 capsul‘arum

268 2157 429 2213 latera
449 2158 790 2219 inscribuntur
824 2161 1036 2221 nomina
1064 2163 1296 2221 trivialia.
1343 2165 1539 2222 Simo-

273 2243 367 2298 dus
387 2244 469 2300 hic
500 2242 803 2303 inseftorum
831 2247 1173 2304 conservatrix
1193 2251 1506 2316 sumptuosus
1525 2265 1558 2314 ,f

272 2328 510 2388 omnibus
588 2328 695 2385 aliis
772 2332 923 2397 longe
989 2333 1371 2399 anteponendus
1445 2332 1540 2389 est.

272 2409 473 2481 Alte-tat
511 2411 715 2475 colores
768 2413 965 2480 spiritus
1016 2412 1117 2476 vini
1149 2452 1164 2476 ,
1229 2414 1282 2475 in
1329 2414 1553 2483 capsulis-
