1722 2815
450 169 1085 229 PRAEFATIO.
1294 172 1378 241 xiii

126 252 307 321 ligneis
327 248 575 317 congestat
605 250 794 317 species
815 252 1020 318 poduris
1051 274 1388 322 exponuntur.

128 336 414 390 Periculum
432 356 535 391 non
559 335 788 390 imminet
809 373 822 396 ‚
857 338 941 391 sed
965 339 1214 404 paullatim
1237 343 1395 410 Lepi-

130 421 346 487 doptera
375 418 586 484 squamis
624 419 908 487 spoliantur.
964 420 1262 487 Camphora
1294 423 1394 477 ini-

131 503 295 559 micos
331 520 436 556 non
473 502 611 570 pellit
647 541 660 563 ‚
713 502 972 559 efficacior
1003 526 1163 574 vapor
1196 510 1396 576 sulphu-

134 578 252 641 reus
282 624 296 645 ,
339 583 510 643 hostes
549 602 697 643 necat
725 624 738 647 ‚
787 587 872 643 sed
911 591 1117 646 colores
1156 593 1396 660 quosdam

133 667 399 734 extinguit.

219 751 414 808 Nostra
452 747 574 802 haec
640 749 1035 809 conservationis
1090 760 1361 818 methodus
1385 806 1404 829 ,

139 833 375 891 omnibus
404 830 509 885 aliis
536 829 655 885 mihi
687 833 901 900 cognitis
923 872 937 894 ‚
974 836 1127 894 etiam
1147 841 1414 901 Entomo->

141 910 376 981 logorum
434 911 800 969 hodiernorum
834 915 1069 985 principis
1120 922 1201 976 D.
1240 923 1405 987 Fabr,

141 998 308 1054 utilior
330 996 564 1055 videtur,
597 1010 651 1049 ut
682 1015 752 1049 ex
782 996 1102 1062 sequentibus
1131 1006 1339 1069 patebit.

222 1078 473 1136 Insec‘tum
525 1077 577 1133 in
627 1075 833 1146 Musaeo
884 1082 1016 1138 bene
1083 1089 1407 1150 observatum

146 1162 338 1233 praestat
359 1162 498 1218 omni
518 1159 666 1215 icone
685 1201 700 1225 ,
731 1163 1056 1223 necessarium
1082 1172 1219 1227 omni
1245 1175 1410 1233 Ento-

148 1248 373 1312 mologo.

214 1329 600 1387 Conservantur
631 1325 815 1383 inse&a
845 1329 928 1384 au‘t
956 1331 1084 1389 ficca
1117 1354 1200 1394 aut
1218 1349 1415 1408 pertusa

152 1414 205 1469 in
237 1410 371 1468 cistis
396 1430 514 1467 cera
549 1411 603 1466 &
631 1414 989 1472 terebenthino
1022 1421 1337 1486 obducendis
1362 1435 1420 1492 ὃς

153 1494 288 1552 vitro
319 1498 459 1550 claro
494 1497 739 1563 tegendis,

228 1579 503 1658 Nunquam
552 1580 755 1637 humida
807 1584 942 1642 cistis
993 1592 1254 1653 inserenda
1289 1642 1305 1666 ‚
1353 1623 1417 1659 ne

158 1661 327 1716 oleosa
357 1660 590 1719 evadant.

250 1908 463 1966 Nomen
509 1914 803 1981 genericum
850 1921 905 1977 δε
951 1926 1235 1991 specificam
1282 1936 1425 1992 adhi-

169 1992 351 2049 benda.

239 2074 525 2142 Aliquoties
562 2078 693 2135 cistae
739 2105 858 2141 aere
898 2090 1079 2147 sereno
1117 2098 1427 2166 aperiendae‚

172 2180 238 2217 ne
272 2179 483 2216 mucore
518 2175 750 2228 tegantur
783 2166 983 2226 insecta.

253 2242 360 2298 Aut
389 2241 595 2296 humida
627 2244 679 2300 in
714 2247 857 2304 vitris
883 2253 1050 2318 spiritu
1079 2257 1183 2313 vini
1220 2266 1433 2330 repletis.

243 2324 394 2381 Vitra
413 2327 505 2382 sint
526 2327 737 2384 omnino
769 2332 966 2398 hyalina
999 2345 1242 2404 operculo
1268 2348 1433 2407 vitreo

183 2407 358 2464 exacte
389 2410 549 2468 clausa
567 2449 583 2477 ,
614 2434 679 2470 ne
711 2418 883 2474 evolet
913 2419 1127 2486 spiritus„
